<?xml version="1.0" encoding="UTF-8"?>
<!DOCTYPE html PUBLIC "-//W3C//DTD XHTML 1.0 Transitional//EN"
    "http://www.w3.org/TR/xhtml1/DTD/xhtml1-transitional.dtd">
<html xmlns="http://www.w3.org/1999/xhtml" xml:lang="en" lang="en">
 <head>
  <title>
</title>
<meta http-equiv="Content-Type" content="text/html;charset=utf-8" />
  <meta name='ocr-system' content='tesseract 3.04.00' />
  <meta name='ocr-capabilities' content='ocr_page ocr_carea ocr_par ocr_line ocrx_word'/>
</head>
<body>
  <div class='ocr_page' id='page_1' title='image "./latinreaderwithr00gildrich_0072.png"; bbox 0 0 2243 3465; ppageno 0'>
   <div class='ocr_carea' id='block_1_1' title="bbox 281 164 1423 211">
    <p class='ocr_par' dir='ltr' id='par_1_1' title="bbox 281 164 1423 211">
     <span class='ocr_line' id='line_1_1' title="bbox 281 164 1423 211; baseline 0 -1"><span class='ocrx_word' id='word_1_1' title='bbox 281 164 344 210; x_wconf 82' lang='lat'>64</span> <span class='ocrx_word' id='word_1_2' title='bbox 968 173 1143 211; x_wconf 81' lang='lat' dir='ltr'>LATIN</span> <span class='ocrx_word' id='word_1_3' title='bbox 1179 173 1423 210; x_wconf 81' lang='lat' dir='ltr'><strong>READER.</strong></span> 
     </span>
    </p>
   </div>
   <div class='ocr_carea' id='block_1_2' title="bbox 278 307 2114 3038">
    <p class='ocr_par' dir='ltr' id='par_1_2' title="bbox 279 307 2110 523">
     <span class='ocr_line' id='line_1_2' title="bbox 279 307 2109 372; baseline 0.001 -17"><span class='ocrx_word' id='word_1_4' title='bbox 279 309 494 364; x_wconf 82' lang='lat' dir='ltr'>turmae,</span> <span class='ocrx_word' id='word_1_5' title='bbox 531 323 659 371; x_wconf 87' lang='lat' dir='ltr'>quae</span> <span class='ocrx_word' id='word_1_6' title='bbox 695 307 922 355; x_wconf 85' lang='lat' dir='ltr'>frenatos</span> <span class='ocrx_word' id='word_1_7' title='bbox 958 307 1221 356; x_wconf 88' lang='lat' dir='ltr'>habebant</span> <span class='ocrx_word' id='word_1_8' title='bbox 1256 322 1424 371; x_wconf 80' lang='lat' dir='ltr'>equOS,</span> <span class='ocrx_word' id='word_1_9' title='bbox 1467 307 1831 372; x_wconf 82' lang='lat' dir='ltr'>perfregerunt</span> <span class='ocrx_word' id='word_1_10' title='bbox 1870 308 2109 357; x_wconf 86' lang='lat' dir='ltr'>barbaro-</span> 
     </span>
     <span class='ocr_line' id='line_1_3' title="bbox 280 383 2110 449; baseline 0.002 -19"><span class='ocrx_word' id='word_1_11' title='bbox 280 400 397 430; x_wconf 90' lang='lat' dir='ltr'>rum</span> <span class='ocrx_word' id='word_1_12' title='bbox 435 383 609 431; x_wconf 85' lang='lat' dir='ltr'>aciem.</span> <span class='ocrx_word' id='word_1_13' title='bbox 680 383 892 431; x_wconf 84' lang='lat' dir='ltr'>Barbari</span> <span class='ocrx_word' id='word_1_14' title='bbox 928 399 1104 432; x_wconf 88' lang='lat' dir='ltr'>omnes</span> <span class='ocrx_word' id='word_1_15' title='bbox 1135 383 1308 432; x_wconf 84' lang='lat' dir='ltr'>effusis</span> <span class='ocrx_word' id='word_1_16' title='bbox 1343 384 1557 434; x_wconf 78' lang='lat' dir='ltr'>habenis</span> <span class='ocrx_word' id='word_1_17' title='bbox 1586 384 1835 449; x_wconf 89' lang='lat' dir='ltr'>(namque</span> <span class='ocrx_word' id='word_1_18' title='bbox 1861 384 2110 448; x_wconf 89' lang='lat' dir='ltr'>equestris</span> 
     </span>
     <span class='ocr_line' id='line_1_4' title="bbox 279 460 1090 523; baseline 0.001 -16"><span class='ocrx_word' id='word_1_19' title='bbox 279 460 410 507; x_wconf 86' lang='lat' dir='ltr'>acies</span> <span class='ocrx_word' id='word_1_20' title='bbox 436 462 563 523; x_wconf 88' lang='lat' dir='ltr'>erat)</span> <span class='ocrx_word' id='word_1_21' title='bbox 595 461 871 523; x_wconf 87' lang='lat' dir='ltr'>capessunt</span> <span class='ocrx_word' id='word_1_22' title='bbox 896 460 1090 523; x_wconf 85' lang='lat' dir='ltr'>fugam.</span> 
     </span>
    </p>

    <p class='ocr_par' dir='ltr' id='par_1_3' title="bbox 279 535 2112 1192">
     <span class='ocr_line' id='line_1_5' title="bbox 347 535 2111 601; baseline 0.001 -19"><span class='ocrx_word' id='word_1_23' title='bbox 347 535 490 583; x_wconf 89' lang='lat' dir='ltr'>Haec</span> <span class='ocrx_word' id='word_1_24' title='bbox 515 536 775 599; x_wconf 80' lang='lat' dir='ltr'>expeditio</span> <span class='ocrx_word' id='word_1_25' title='bbox 801 535 1125 584; x_wconf 86' lang='lat' dir='ltr'>deficientem</span> <span class='ocrx_word' id='word_1_26' title='bbox 1151 536 1260 600; x_wconf 81' lang='lat' dir='ltr'>jam</span> <span class='ocrx_word' id='word_1_27' title='bbox 1286 552 1477 601; x_wconf 89' lang='lat' dir='ltr'>magna</span> <span class='ocrx_word' id='word_1_28' title='bbox 1501 551 1561 584; x_wconf 82' lang='lat' dir='ltr'>ex</span> <span class='ocrx_word' id='word_1_29' title='bbox 1598 539 1745 600; x_wconf 85' lang='lat' dir='ltr'>parte</span> <span class='ocrx_word' id='word_1_30' title='bbox 1768 535 1946 585; x_wconf 88' lang='lat' dir='ltr'>Asiam</span> <span class='ocrx_word' id='word_1_31' title='bbox 1974 537 2111 584; x_wconf 86' lang='lat' dir='ltr'>fama</span> 
     </span>
     <span class='ocr_line' id='line_1_6' title="bbox 280 600 2110 677; baseline 0.001 -19"><span class='ocrx_word' id='word_1_32' title='bbox 280 614 387 658; x_wconf 89' lang='lat' dir='ltr'>tam</span> <span class='ocrx_word' id='word_1_33' title='bbox 423 600 744 675; x_wconf 73' lang='lat' dir='ltr'>opportunae</span> <span class='ocrx_word' id='word_1_34' title='bbox 779 612 1024 660; x_wconf 86' lang='lat' dir='ltr'>victoriae</span> <span class='ocrx_word' id='word_1_35' title='bbox 1061 612 1278 660; x_wconf 89' lang='lat' dir='ltr'>domuit.</span> <span class='ocrx_word' id='word_1_36' title='bbox 1347 612 1576 662; x_wconf 82' lang='lat' dir='ltr'>Invictos</span> <span class='ocrx_word' id='word_1_37' title='bbox 1613 612 1830 677; x_wconf 80' lang='lat' dir='ltr'>Scythas</span> <span class='ocrx_word' id='word_1_38' title='bbox 1867 629 1972 661; x_wconf 86' lang='lat' dir='ltr'>esse</span> <span class='ocrx_word' id='word_1_39' title='bbox 2008 629 2110 661; x_wconf 87' lang='lat' dir='ltr'>cre-</span> 
     </span>
     <span class='ocr_line' id='line_1_7' title="bbox 279 686 2111 752; baseline 0.002 -19"><span class='ocrx_word' id='word_1_40' title='bbox 279 686 548 749; x_wconf 85' lang='lat' dir='ltr'>diderant;</span> <span class='ocrx_word' id='word_1_41' title='bbox 603 688 794 751; x_wconf 88' lang='lat' dir='ltr'>quibus</span> <span class='ocrx_word' id='word_1_42' title='bbox 836 688 1013 737; x_wconf 86' lang='lat' dir='ltr'>fractis</span> <span class='ocrx_word' id='word_1_43' title='bbox 1055 689 1257 737; x_wconf 86' lang='lat' dir='ltr'>nullam</span> <span class='ocrx_word' id='word_1_44' title='bbox 1305 690 1513 752; x_wconf 88' lang='lat' dir='ltr'>gentem</span> <span class='ocrx_word' id='word_1_45' title='bbox 1561 688 1929 737; x_wconf 78' lang='lat' dir='ltr'>Macedonnm⁸</span> <span class='ocrx_word' id='word_1_46' title='bbox 1955 689 2111 737; x_wconf 88' lang='lat' dir='ltr'>armis</span> 
     </span>
     <span class='ocr_line' id='line_1_8' title="bbox 279 763 2112 829; baseline 0.001 -20"><span class='ocrx_word' id='word_1_47' title='bbox 279 778 454 825; x_wconf 87' lang='lat' dir='ltr'>parem</span> <span class='ocrx_word' id='word_1_48' title='bbox 481 764 588 812; x_wconf 82' lang='lat' dir='ltr'>fore</span> <span class='ocrx_word' id='word_1_49' title='bbox 609 764 1007 812; x_wconf 87' lang='lat' dir='ltr'>confitebantur.</span> <span class='ocrx_word' id='word_1_50' title='bbox 1068 764 1249 828; x_wconf 86' lang='lat' dir='ltr'>Itaque</span> <span class='ocrx_word' id='word_1_51' title='bbox 1276 763 1429 813; x_wconf 80' lang='lat' dir='ltr'>Sacae</span> <span class='ocrx_word' id='word_1_52' title='bbox 1449 765 1678 829; x_wconf 88' lang='lat' dir='ltr'>aliaeque</span> <span class='ocrx_word' id='word_1_53' title='bbox 1697 765 1909 813; x_wconf 78' lang='lat' dir='ltr'>rebelles</span> <span class='ocrx_word' id='word_1_54' title='bbox 1934 766 2112 828; x_wconf 81' lang='lat' dir='ltr'>gentes</span> 
     </span>
     <span class='ocr_line' id='line_1_9' title="bbox 281 839 2111 904; baseline 0.001 -18"><span class='ocrx_word' id='word_1_55' title='bbox 281 839 539 887; x_wconf 86' lang='lat' dir='ltr'>miserunt</span> <span class='ocrx_word' id='word_1_56' title='bbox 574 840 783 904; x_wconf 89' lang='lat' dir='ltr'>legatos,</span> <span class='ocrx_word' id='word_1_57' title='bbox 810 840 899 904; x_wconf 88' lang='lat' dir='ltr'>qui</span> <span class='ocrx_word' id='word_1_58' title='bbox 934 840 1341 903; x_wconf 71' lang='lat' dir='ltr'>pollicerentur-,⁷</span> <span class='ocrx_word' id='word_1_59' title='bbox 1365 841 1618 904; x_wconf 83' lang='lat' dir='ltr'>imperata</span> <span class='ocrx_word' id='word_1_60' title='bbox 1654 856 1703 890; x_wconf 91' lang='lat' dir='ltr'>se</span> <span class='ocrx_word' id='word_1_61' title='bbox 1729 857 1833 890; x_wconf 90' lang='lat' dir='ltr'>esse</span> <span class='ocrx_word' id='word_1_62' title='bbox 1869 842 2111 889; x_wconf 83' lang='lat' dir='ltr'>facturos.</span> 
     </span>
     <span class='ocr_line' id='line_1_10' title="bbox 281 915 2111 981; baseline 0.002 -20"><span class='ocrx_word' id='word_1_63' title='bbox 281 916 458 963; x_wconf 89' lang='lat' dir='ltr'>Armis</span> <span class='ocrx_word' id='word_1_64' title='bbox 500 915 713 978; x_wconf 88' lang='lat' dir='ltr'>quidam</span> <span class='ocrx_word' id='word_1_65' title='bbox 756 917 957 964; x_wconf 88' lang='lat' dir='ltr'>subacti</span> <span class='ocrx_word' id='word_1_66' title='bbox 1004 920 1143 975; x_wconf 88' lang='lat' dir='ltr'>sunt,</span> <span class='ocrx_word' id='word_1_67' title='bbox 1179 916 1318 965; x_wconf 87' lang='lat' dir='ltr'>inter</span> <span class='ocrx_word' id='word_1_68' title='bbox 1353 933 1437 965; x_wconf 88' lang='lat' dir='ltr'>eos</span> <span class='ocrx_word' id='word_1_69' title='bbox 1473 917 1674 966; x_wconf 78' lang='lat' dir='ltr'>exsules</span> <span class='ocrx_word' id='word_1_70' title='bbox 1717 917 1996 975; x_wconf 89' lang='lat' dir='ltr'>Bactriani,</span> <span class='ocrx_word' id='word_1_71' title='bbox 2021 916 2111 981; x_wconf 90' lang='lat' dir='ltr'>qui</span> 
     </span>
     <span class='ocr_line' id='line_1_11' title="bbox 280 992 2112 1057; baseline 0.001 -19"><span class='ocrx_word' id='word_1_72' title='bbox 280 1006 400 1038; x_wconf 92' lang='lat' dir='ltr'>cum</span> <span class='ocrx_word' id='word_1_73' title='bbox 438 992 753 1056; x_wconf 70' lang='lat' dir='ltr'>octingentis</span> <span class='ocrx_word' id='word_1_74' title='bbox 791 992 1198 1057; x_wconf 69' lang='lat' dir='ltr'>Massagetarum</span> <span class='ocrx_word' id='word_1_75' title='bbox 1224 992 1500 1056; x_wconf 87' lang='lat' dir='ltr'>equitibus,</span> <span class='ocrx_word' id='word_1_76' title='bbox 1528 994 1669 1042; x_wconf 90' lang='lat' dir='ltr'>mille</span> <span class='ocrx_word' id='word_1_77' title='bbox 1705 993 1975 1042; x_wconf 77' lang='lat' dir='ltr'>Daharum</span> <span class='ocrx_word' id='word_1_78' title='bbox 2012 995 2112 1040; x_wconf 84' lang='lat' dir='ltr'>ter-</span> 
     </span>
     <span class='ocr_line' id='line_1_12' title="bbox 281 1068 2112 1134; baseline 0.001 -19"><span class='ocrx_word' id='word_1_79' title='bbox 281 1084 388 1115; x_wconf 89' lang='lat' dir='ltr'>ram</span> <span class='ocrx_word' id='word_1_80' title='bbox 420 1070 755 1118; x_wconf 83' lang='lat' dir='ltr'>vastaverant.</span> <span class='ocrx_word' id='word_1_81' title='bbox 830 1069 1064 1128; x_wconf 75' lang='lat' dir='ltr'>Quorum</span> <span class='ocrx_word' id='word_1_82' title='bbox 1091 1068 1233 1117; x_wconf 87' lang='lat' dir='ltr'>clade</span> <span class='ocrx_word' id='word_1_83' title='bbox 1259 1070 1423 1118; x_wconf 90' lang='lat' dir='ltr'>totius</span> <span class='ocrx_word' id='word_1_84' title='bbox 1459 1070 1683 1134; x_wconf 82' lang='lat' dir='ltr'>regionis</span> <span class='ocrx_word' id='word_1_85' title='bbox 1717 1070 1868 1118; x_wconf 87' lang='lat' dir='ltr'>finita</span> <span class='ocrx_word' id='word_1_86' title='bbox 1893 1069 2112 1117; x_wconf 86' lang='lat' dir='ltr'>defectio</span> 
     </span>
     <span class='ocr_line' id='line_1_13' title="bbox 279 1147 367 1192; baseline 0 0"><span class='ocrx_word' id='word_1_87' title='bbox 279 1147 367 1192; x_wconf 86' lang='lat' dir='ltr'>cst.</span> 
     </span>
    </p>

    <p class='ocr_par' dir='ltr' id='par_1_4' title="bbox 278 1220 2114 2338">
     <span class='ocr_line' id='line_1_14' title="bbox 345 1220 2112 1285; baseline 0.001 -17"><span class='ocrx_word' id='word_1_88' title='bbox 345 1224 423 1268; x_wconf 81' lang='lat'>46.</span> <span class='ocrx_word' id='word_1_89' title='bbox 461 1220 558 1269; x_wconf 88' lang='lat' dir='ltr'>His</span> <span class='ocrx_word' id='word_1_90' title='bbox 583 1222 735 1270; x_wconf 90' lang='lat' dir='ltr'>rebus</span> <span class='ocrx_word' id='word_1_91' title='bbox 761 1221 1009 1270; x_wconf 89' lang='lat' dir='ltr'>confectis</span> <span class='ocrx_word' id='word_1_92' title='bbox 1035 1221 1332 1270; x_wconf 81' lang='lat' dir='ltr'>Alexander</span> <span class='ocrx_word' id='word_1_93' title='bbox 1368 1221 1681 1270; x_wconf 86' lang='lat' dir='ltr'>Maracanda</span> <span class='ocrx_word' id='word_1_94' title='bbox 1706 1222 1887 1270; x_wconf 91' lang='lat' dir='ltr'>urbem</span> <span class='ocrx_word' id='word_1_95' title='bbox 1910 1221 2112 1285; x_wconf 86' lang='lat' dir='ltr'>repetit.</span> 
     </span>
     <span class='ocr_line' id='line_1_15' title="bbox 280 1297 2113 1362; baseline 0.001 -18"><span class='ocrx_word' id='word_1_96' title='bbox 280 1297 411 1345; x_wconf 88' lang='lat' dir='ltr'>Inde</span> <span class='ocrx_word' id='word_1_97' title='bbox 437 1297 658 1346; x_wconf 82' lang='lat' dir='ltr'>devertit</span> <span class='ocrx_word' id='word_1_98' title='bbox 692 1297 747 1346; x_wconf 91' lang='grc'>111</span> <span class='ocrx_word' id='word_1_99' title='bbox 784 1299 1061 1362; x_wconf 79' lang='lat' dir='ltr'>regionem,</span> <span class='ocrx_word' id='word_1_100' title='bbox 1088 1315 1218 1362; x_wconf 89' lang='lat' dir='ltr'>quae</span> <span class='ocrx_word' id='word_1_101' title='bbox 1243 1299 1535 1361; x_wconf 85' lang='lat' dir='ltr'>appellatur</span> <span class='ocrx_word' id='word_1_102' title='bbox 1561 1298 1784 1347; x_wconf 83' lang='lat' dir='ltr'>Bazaira.</span> <span class='ocrx_word' id='word_1_103' title='bbox 1858 1298 2113 1346; x_wconf 84' lang='lat' dir='ltr'>Barbarae</span> 
     </span>
     <span class='ocr_line' id='line_1_16' title="bbox 278 1373 2114 1438; baseline 0.001 -17"><span class='ocrx_word' id='word_1_104' title='bbox 278 1374 570 1437; x_wconf 72' lang='lat' dir='ltr'>opulentiae</span> <span class='ocrx_word' id='word_1_105' title='bbox 611 1375 666 1422; x_wconf 87' lang='lat' dir='ltr'>in</span> <span class='ocrx_word' id='word_1_106' title='bbox 704 1374 808 1422; x_wconf 87' lang='lat' dir='ltr'>illis</span> <span class='ocrx_word' id='word_1_107' title='bbox 847 1374 972 1422; x_wconf 89' lang='lat' dir='ltr'>locis</span> <span class='ocrx_word' id='word_1_108' title='bbox 1011 1375 1153 1423; x_wconf 86' lang='lat' dir='ltr'>haud</span> <span class='ocrx_word' id='word_1_109' title='bbox 1179 1375 1285 1422; x_wconf 88' lang='lat' dir='ltr'>ulla</span> <span class='ocrx_word' id='word_1_110' title='bbox 1324 1378 1449 1423; x_wconf 86' lang='grc'>811111</span> <span class='ocrx_word' id='word_1_111' title='bbox 1486 1375 1684 1438; x_wconf 84' lang='lat' dir='ltr'>majora</span> <span class='ocrx_word' id='word_1_112' title='bbox 1719 1373 1928 1434; x_wconf 88' lang='lat' dir='ltr'>indicia,</span> <span class='ocrx_word' id='word_1_113' title='bbox 1955 1390 2114 1438; x_wconf 90' lang='lat' dir='ltr'>quam</span> 
     </span>
     <span class='ocr_line' id='line_1_17' title="bbox 282 1450 2113 1515; baseline 0.001 -18"><span class='ocrx_word' id='word_1_114' title='bbox 282 1451 485 1514; x_wconf 88' lang='lat' dir='ltr'>magnis</span> <span class='ocrx_word' id='word_1_115' title='bbox 509 1451 809 1499; x_wconf 88' lang='lat' dir='ltr'>nemoribus</span> <span class='ocrx_word' id='word_1_116' title='bbox 846 1451 1163 1514; x_wconf 79' lang='lat' dir='ltr'>saltibusque</span> <span class='ocrx_word' id='word_1_117' title='bbox 1189 1451 1449 1498; x_wconf 89' lang='lat' dir='ltr'>nobilium</span> <span class='ocrx_word' id='word_1_118' title='bbox 1484 1451 1709 1499; x_wconf 87' lang='lat' dir='ltr'>ferarum</span> <span class='ocrx_word' id='word_1_119' title='bbox 1735 1466 1911 1515; x_wconf 83' lang='lat' dir='ltr'>greges</span> <span class='ocrx_word' id='word_1_120' title='bbox 1937 1450 2113 1499; x_wconf 89' lang='lat' dir='ltr'>clausi.</span> 
     </span>
     <span class='ocr_line' id='line_1_18' title="bbox 279 1526 2112 1592; baseline 0.001 -19"><span class='ocrx_word' id='word_1_121' title='bbox 279 1526 539 1589; x_wconf 78' lang='lat' dir='ltr'>Spatiosas</span> <span class='ocrx_word' id='word_1_122' title='bbox 581 1527 645 1575; x_wconf 87' lang='lat' dir='ltr'>ad</span> <span class='ocrx_word' id='word_1_123' title='bbox 688 1527 787 1576; x_wconf 87' lang='lat' dir='ltr'>hoe</span> <span class='ocrx_word' id='word_1_124' title='bbox 828 1527 1033 1592; x_wconf 90' lang='lat' dir='ltr'>eligunt</span> <span class='ocrx_word' id='word_1_125' title='bbox 1076 1527 1242 1586; x_wconf 87' lang='lat' dir='ltr'>silvas,</span> <span class='ocrx_word' id='word_1_126' title='bbox 1275 1527 1465 1576; x_wconf 81' lang='lat' dir='ltr'>crebris</span> <span class='ocrx_word' id='word_1_127' title='bbox 1505 1528 1815 1590; x_wconf 85' lang='lat' dir='ltr'>perennium</span> <span class='ocrx_word' id='word_1_128' title='bbox 1857 1543 2112 1590; x_wconf 84' lang='lat' dir='ltr'>aquarum</span> 
     </span>
     <span class='ocr_line' id='line_1_19' title="bbox 282 1602 2110 1668; baseline -0.001 -16"><span class='ocrx_word' id='word_1_129' title='bbox 282 1602 513 1652; x_wconf 85' lang='lat' dir='ltr'>fontibus</span> <span class='ocrx_word' id='word_1_130' title='bbox 550 1620 789 1652; x_wconf 88' lang='lat' dir='ltr'>amoenas</span> <span class='ocrx_word' id='word_1_131' title='bbox 805 1620 818 1665; x_wconf 81' lang='lat'><em>3</em></span> <span class='ocrx_word' id='word_1_132' title='bbox 856 1603 1020 1652; x_wconf 88' lang='lat' dir='ltr'>muris</span> <span class='ocrx_word' id='word_1_133' title='bbox 1053 1620 1265 1652; x_wconf 89' lang='lat' dir='ltr'>nemora</span> <span class='ocrx_word' id='word_1_134' title='bbox 1293 1605 1583 1668; x_wconf 85' lang='lat' dir='ltr'>cinguntur</span> <span class='ocrx_word' id='word_1_135' title='bbox 1607 1606 1875 1668; x_wconf 87' lang='lat' dir='ltr'>turresque</span> <span class='ocrx_word' id='word_1_136' title='bbox 1902 1603 2110 1660; x_wconf 82' lang='lat' dir='ltr'>liabent,</span> 
     </span>
     <span class='ocr_line' id='line_1_20' title="bbox 280 1679 2112 1744; baseline 0 -17"><span class='ocrx_word' id='word_1_137' title='bbox 280 1681 587 1728; x_wconf 86' lang='lat' dir='ltr'>venantium</span> <span class='ocrx_word' id='word_1_138' title='bbox 607 1681 942 1744; x_wconf 88' lang='lat' dir='ltr'>receptacula.</span> <span class='ocrx_word' id='word_1_139' title='bbox 993 1680 1254 1739; x_wconf 78' lang='lat' dir='ltr'>Quattuor</span> <span class='ocrx_word' id='word_1_140' title='bbox 1274 1680 1555 1728; x_wconf 83' lang='lat' dir='ltr'>continuis¹</span> <span class='ocrx_word' id='word_1_141' title='bbox 1577 1679 1832 1729; x_wconf 88' lang='lat' dir='ltr'>aetatibus</span> <span class='ocrx_word' id='word_1_142' title='bbox 1851 1680 2112 1727; x_wconf 84' lang='lat' dir='ltr'>intactum</span> 
     </span>
     <span class='ocr_line' id='line_1_21' title="bbox 281 1755 2111 1820; baseline 0.001 -17"><span class='ocrx_word' id='word_1_143' title='bbox 281 1756 473 1804; x_wconf 90' lang='lat' dir='ltr'>saltum</span> <span class='ocrx_word' id='word_1_144' title='bbox 515 1756 671 1805; x_wconf 88' lang='lat' dir='ltr'>fuisse</span> <span class='ocrx_word' id='word_1_145' title='bbox 714 1757 998 1815; x_wconf 81' lang='lat' dir='ltr'>constabat,</span> <span class='ocrx_word' id='word_1_146' title='bbox 1037 1773 1191 1820; x_wconf 91' lang='lat' dir='ltr'>quem</span> <span class='ocrx_word' id='word_1_147' title='bbox 1233 1757 1526 1804; x_wconf 81' lang='lat' dir='ltr'>Alexander</span> <span class='ocrx_word' id='word_1_148' title='bbox 1568 1772 1686 1805; x_wconf 90' lang='lat' dir='ltr'>cum</span> <span class='ocrx_word' id='word_1_149' title='bbox 1727 1758 1837 1804; x_wconf 87' lang='grc'>1010</span> <span class='ocrx_word' id='word_1_150' title='bbox 1880 1755 2111 1804; x_wconf 82' lang='lat' dir='ltr'>exercitu</span> 
     </span>
     <span class='ocr_line' id='line_1_22' title="bbox 283 1832 2111 1897; baseline 0.001 -18"><span class='ocrx_word' id='word_1_151' title='bbox 283 1832 540 1896; x_wconf 88' lang='lat' dir='ltr'>ingressus</span> <span class='ocrx_word' id='word_1_152' title='bbox 582 1832 766 1896; x_wconf 86' lang='lat' dir='ltr'>agitari</span> <span class='ocrx_word' id='word_1_153' title='bbox 809 1833 1040 1897; x_wconf 87' lang='lat' dir='ltr'>undique</span> <span class='ocrx_word' id='word_1_154' title='bbox 1082 1833 1213 1881; x_wconf 85' lang='lat' dir='ltr'>feras</span> <span class='ocrx_word' id='word_1_155' title='bbox 1250 1832 1421 1896; x_wconf 84' lang='lat' dir='ltr'>jussit.</span> <span class='ocrx_word' id='word_1_156' title='bbox 1513 1832 1659 1880; x_wconf 86' lang='lat' dir='ltr'>Inter</span> <span class='ocrx_word' id='word_1_157' title='bbox 1701 1848 1827 1896; x_wconf 89' lang='lat' dir='ltr'>quas</span> <span class='ocrx_word' id='word_1_158' title='bbox 1871 1848 1991 1881; x_wconf 89' lang='grc'>011111</span> <span class='ocrx_word' id='word_1_159' title='bbox 2032 1833 2111 1881; x_wconf 90' lang='lat' dir='ltr'>leo</span> 
     </span>
     <span class='ocr_line' id='line_1_23' title="bbox 281 1908 2112 1972; baseline 0.001 -17"><span class='ocrx_word' id='word_1_160' title='bbox 281 1908 663 1972; x_wconf 82' lang='lat' dir='ltr'>magnitudinis</span> <span class='ocrx_word' id='word_1_161' title='bbox 699 1924 838 1956; x_wconf 90' lang='lat' dir='ltr'>rarae</span> <span class='ocrx_word' id='word_1_162' title='bbox 876 1909 1047 1972; x_wconf 90' lang='lat' dir='ltr'>ipsum</span> <span class='ocrx_word' id='word_1_163' title='bbox 1095 1925 1266 1972; x_wconf 89' lang='lat' dir='ltr'>regem</span> <span class='ocrx_word' id='word_1_164' title='bbox 1308 1908 1602 1957; x_wconf 79' lang='lat' dir='ltr'>invasurus²</span> <span class='ocrx_word' id='word_1_165' title='bbox 1639 1909 1941 1968; x_wconf 81' lang='lat' dir='ltr'>incurreret,</span> <span class='ocrx_word' id='word_1_166' title='bbox 1979 1909 2112 1957; x_wconf 81' lang='lat' dir='ltr'>forte</span> 
     </span>
     <span class='ocr_line' id='line_1_24' title="bbox 282 1985 2111 2048; baseline 0 -16"><span class='ocrx_word' id='word_1_167' title='bbox 282 1985 622 2048; x_wconf 82' lang='lat' dir='ltr'>Lysimachus</span> <span class='ocrx_word' id='word_1_168' title='bbox 675 1985 941 2048; x_wconf 85' lang='lat' dir='ltr'>proximus</span> <span class='ocrx_word' id='word_1_169' title='bbox 994 1985 1294 2033; x_wconf 77' lang='lat' dir='ltr'>Alexandro</span> <span class='ocrx_word' id='word_1_170' title='bbox 1342 1985 1661 2034; x_wconf 82' lang='lat' dir='ltr'>venabulum</span> <span class='ocrx_word' id='word_1_171' title='bbox 1710 1985 1928 2048; x_wconf 84' lang='lat' dir='ltr'>objicere</span> <span class='ocrx_word' id='word_1_172' title='bbox 1976 1985 2111 2033; x_wconf 83' lang='lat' dir='ltr'>ferae</span> 
     </span>
     <span class='ocr_line' id='line_1_25' title="bbox 281 2061 2113 2125; baseline 0.001 -17"><span class='ocrx_word' id='word_1_173' title='bbox 281 2072 527 2123; x_wconf 85' lang='lat' dir='ltr'>coeperat.</span> <span class='ocrx_word' id='word_1_174' title='bbox 608 2061 720 2121; x_wconf 80' lang='lat' dir='ltr'>Quo</span> <span class='ocrx_word' id='word_1_175' title='bbox 760 2077 848 2109; x_wconf 80' lang='lat' dir='ltr'>rex</span> <span class='ocrx_word' id='word_1_176' title='bbox 888 2062 1090 2125; x_wconf 89' lang='lat' dir='ltr'>repulso</span> <span class='ocrx_word' id='word_1_177' title='bbox 1127 2068 1177 2109; x_wconf 88' lang='lat' dir='ltr'>et</span> <span class='ocrx_word' id='word_1_178' title='bbox 1214 2062 1351 2109; x_wconf 91' lang='lat' dir='ltr'>abire</span> <span class='ocrx_word' id='word_1_179' title='bbox 1385 2061 1541 2124; x_wconf 82' lang='lat' dir='ltr'>jusso,</span> <span class='ocrx_word' id='word_1_180' title='bbox 1568 2061 1727 2110; x_wconf 86' lang='lat' dir='ltr'>feram</span> <span class='ocrx_word' id='word_1_181' title='bbox 1766 2077 1869 2109; x_wconf 89' lang='lat' dir='ltr'>non</span> <span class='ocrx_word' id='word_1_182' title='bbox 1911 2061 2113 2124; x_wconf 84' lang='lat' dir='ltr'>excepit</span> 
     </span>
     <span class='ocr_line' id='line_1_26' title="bbox 283 2137 2112 2197; baseline 0.001 -13"><span class='ocrx_word' id='word_1_183' title='bbox 283 2137 435 2185; x_wconf 87' lang='lat' dir='ltr'>modo</span> <span class='ocrx_word' id='word_1_184' title='bbox 494 2138 580 2185; x_wconf 91' lang='lat' dir='ltr'>sed</span> <span class='ocrx_word' id='word_1_185' title='bbox 639 2138 795 2185; x_wconf 90' lang='lat' dir='ltr'>etiam</span> <span class='ocrx_word' id='word_1_186' title='bbox 853 2154 959 2186; x_wconf 87' lang='lat' dir='ltr'>uno</span> <span class='ocrx_word' id='word_1_187' title='bbox 1006 2139 1220 2187; x_wconf 85' lang='lat' dir='ltr'>vulnere</span> <span class='ocrx_word' id='word_1_188' title='bbox 1268 2137 1474 2186; x_wconf 87' lang='lat' dir='ltr'>oceidit.</span> <span class='ocrx_word' id='word_1_189' title='bbox 1582 2137 1841 2197; x_wconf 85' lang='lat' dir='ltr'>Quattuor</span> <span class='ocrx_word' id='word_1_190' title='bbox 1899 2137 2112 2187; x_wconf 87' lang='lat' dir='ltr'>milibus</span> 
     </span>
     <span class='ocr_line' id='line_1_27' title="bbox 283 2213 2113 2279; baseline 0.002 -19"><span class='ocrx_word' id='word_1_191' title='bbox 283 2214 508 2261; x_wconf 85' lang='lat' dir='ltr'>ferarum</span> <span class='ocrx_word' id='word_1_192' title='bbox 555 2213 766 2278; x_wconf 87' lang='lat' dir='ltr'>dejectis</span> <span class='ocrx_word' id='word_1_193' title='bbox 813 2214 865 2262; x_wconf 90' lang='lat' dir='ltr'>in</span> <span class='ocrx_word' id='word_1_194' title='bbox 905 2214 1081 2263; x_wconf 89' lang='lat' dir='ltr'>eodem</span> <span class='ocrx_word' id='word_1_195' title='bbox 1118 2214 1255 2263; x_wconf 87' lang='lat' dir='ltr'>saltu</span> <span class='ocrx_word' id='word_1_196' title='bbox 1291 2230 1413 2263; x_wconf 87' lang='grc'>011111</span> <span class='ocrx_word' id='word_1_197' title='bbox 1460 2216 1569 2263; x_wconf 84' lang='grc'>1010</span> <span class='ocrx_word' id='word_1_198' title='bbox 1606 2214 1836 2263; x_wconf 81' lang='lat' dir='ltr'>exercitu</span> <span class='ocrx_word' id='word_1_199' title='bbox 1872 2215 2113 2279; x_wconf 88' lang='lat' dir='ltr'>epulatus</span> 
     </span>
     <span class='ocr_line' id='line_1_28' title="bbox 281 2296 371 2338; baseline -0.011 0"><span class='ocrx_word' id='word_1_200' title='bbox 281 2296 371 2338; x_wconf 85' lang='lat' dir='ltr'>est.</span> 
     </span>
    </p>

    <p class='ocr_par' dir='ltr' id='par_1_5' title="bbox 283 2365 2113 3038">
     <span class='ocr_line' id='line_1_29' title="bbox 350 2365 2113 2431; baseline 0.001 -18"><span class='ocrx_word' id='word_1_201' title='bbox 350 2366 664 2414; x_wconf 65' lang='lat' dir='ltr'>Maracanda</span> <span class='ocrx_word' id='word_1_202' title='bbox 682 2383 913 2415; x_wconf 86' lang='lat' dir='ltr'>reversus</span> <span class='ocrx_word' id='word_1_203' title='bbox 935 2367 1171 2416; x_wconf 87' lang='lat' dir='ltr'>sollemni</span> <span class='ocrx_word' id='word_1_204' title='bbox 1189 2366 1413 2431; x_wconf 86' lang='lat' dir='ltr'>quodam</span> <span class='ocrx_word' id='word_1_205' title='bbox 1431 2366 1511 2414; x_wconf 90' lang='lat' dir='ltr'>die</span> <span class='ocrx_word' id='word_1_206' title='bbox 1532 2366 1722 2415; x_wconf 88' lang='lat' dir='ltr'>amieos</span> <span class='ocrx_word' id='word_1_207' title='bbox 1741 2366 1796 2414; x_wconf 89' lang='lat' dir='ltr'>in</span> <span class='ocrx_word' id='word_1_208' title='bbox 1815 2365 2113 2416; x_wconf 85' lang='lat' dir='ltr'>convivium</span> 
     </span>
     <span class='ocr_line' id='line_1_30' title="bbox 284 2443 2109 2507; baseline 0.001 -17"><span class='ocrx_word' id='word_1_209' title='bbox 284 2446 446 2490; x_wconf 85' lang='lat' dir='ltr'>vocat.</span> <span class='ocrx_word' id='word_1_210' title='bbox 515 2443 622 2491; x_wconf 85' lang='lat' dir='ltr'>Ubi</span> <span class='ocrx_word' id='word_1_211' title='bbox 648 2446 760 2492; x_wconf 90' lang='lat' dir='ltr'>orta</span> <span class='ocrx_word' id='word_1_212' title='bbox 785 2443 922 2491; x_wconf 90' lang='grc'>111101·</span> <span class='ocrx_word' id='word_1_213' title='bbox 946 2444 1112 2492; x_wconf 90' lang='lat' dir='ltr'>ebrios</span> <span class='ocrx_word' id='word_1_214' title='bbox 1136 2460 1310 2491; x_wconf 88' lang='lat' dir='ltr'>rerum</span> <span class='ocrx_word' id='word_1_215' title='bbox 1345 2460 1375 2491; x_wconf 91' lang='lat' dir='ltr'>a</span> <span class='ocrx_word' id='word_1_216' title='bbox 1409 2443 1652 2507; x_wconf 90' lang='lat' dir='ltr'>Philippo</span> <span class='ocrx_word' id='word_1_217' title='bbox 1679 2446 1944 2507; x_wconf 89' lang='lat' dir='ltr'>gestarum</span> <span class='ocrx_word' id='word_1_218' title='bbox 1969 2460 2109 2491; x_wconf 89' lang='lat' dir='ltr'>men-</span> 
     </span>
     <span class='ocr_line' id='line_1_31' title="bbox 283 2519 2113 2584; baseline 0.001 -18"><span class='ocrx_word' id='word_1_219' title='bbox 283 2519 439 2576; x_wconf 81' lang='lat' dir='ltr'>tione,</span> <span class='ocrx_word' id='word_1_220' title='bbox 465 2520 715 2582; x_wconf 88' lang='lat' dir='ltr'>praeferre</span> <span class='ocrx_word' id='word_1_221' title='bbox 742 2535 793 2568; x_wconf 92' lang='lat' dir='ltr'>se</span> <span class='ocrx_word' id='word_1_222' title='bbox 828 2519 964 2583; x_wconf 86' lang='lat' dir='ltr'>pat-ri</span> <span class='ocrx_word' id='word_1_223' title='bbox 1001 2521 1106 2584; x_wconf 88' lang='lat' dir='ltr'>ipse</span> <span class='ocrx_word' id='word_1_224' title='bbox 1133 2535 1408 2583; x_wconf 87' lang='lat' dir='ltr'>rerumque</span> <span class='ocrx_word' id='word_1_225' title='bbox 1445 2534 1658 2567; x_wconf 90' lang='lat' dir='ltr'>suarum</span> <span class='ocrx_word' id='word_1_226' title='bbox 1693 2519 2113 2584; x_wconf 83' lang='lat' dir='ltr'>magnitudinem</span> 
     </span>
     <span class='ocr_line' id='line_1_32' title="bbox 283 2595 2113 2669; baseline 0.002 -28"><span class='ocrx_word' id='word_1_227' title='bbox 283 2595 525 2642; x_wconf 80' lang='lat' dir='ltr'>extollere</span> <span class='ocrx_word' id='word_1_228' title='bbox 545 2595 609 2643; x_wconf 88' lang='lat' dir='ltr'>ad</span> <span class='ocrx_word' id='word_1_229' title='bbox 629 2596 830 2644; x_wconf 89' lang='lat' dir='ltr'>caelum</span> <span class='ocrx_word' id='word_1_230' title='bbox 851 2596 1035 2660; x_wconf 85' lang='lat' dir='ltr'>eoepit,</span> <span class='ocrx_word' id='word_1_231' title='bbox 1057 2599 1352 2669; x_wconf 51' lang='lat' dir='ltr'>assentari-te</span> <span class='ocrx_word' id='word_1_232' title='bbox 1375 2595 1568 2659; x_wconf 86' lang='lat' dir='ltr'>majore</span> <span class='ocrx_word' id='word_1_233' title='bbox 1589 2595 1927 2643; x_wconf 83' lang='lat' dir='ltr'>convivarum</span> <span class='ocrx_word' id='word_1_234' title='bbox 1952 2599 2113 2659; x_wconf 85' lang='lat' dir='ltr'>parte.</span> 
     </span>
     <span class='ocr_line' id='line_1_33' title="bbox 284 2670 2113 2736; baseline 0.001 -19"><span class='ocrx_word' id='word_1_235' title='bbox 284 2670 465 2733; x_wconf 84' lang='lat' dir='ltr'>Itaque</span> <span class='ocrx_word' id='word_1_236' title='bbox 491 2687 612 2719; x_wconf 91' lang='lat' dir='ltr'>cum</span> <span class='ocrx_word' id='word_1_237' title='bbox 639 2671 821 2731; x_wconf 75' lang='lat' dir='ltr'>Clitus,</span> <span class='ocrx_word' id='word_1_238' title='bbox 847 2676 995 2721; x_wconf 78' lang='lat' dir='ltr'>vetus</span> <span class='ocrx_word' id='word_1_239' title='bbox 1022 2672 1255 2735; x_wconf 88' lang='lat' dir='ltr'>Philippi</span> <span class='ocrx_word' id='word_1_240' title='bbox 1281 2672 1445 2731; x_wconf 86' lang='lat' dir='ltr'>miles,</span> <span class='ocrx_word' id='word_1_241' title='bbox 1473 2671 1516 2719; x_wconf 91' lang='lat' dir='ltr'>is</span> <span class='ocrx_word' id='word_1_242' title='bbox 1542 2671 1631 2736; x_wconf 91' lang='lat' dir='ltr'>qui</span> <span class='ocrx_word' id='word_1_243' title='bbox 1657 2672 1797 2735; x_wconf 88' lang='lat' dir='ltr'>apud</span> <span class='ocrx_word' id='word_1_244' title='bbox 1824 2672 2113 2720; x_wconf 84' lang='lat' dir='ltr'>Granicum</span> 
     </span>
     <span class='ocr_line' id='line_1_34' title="bbox 283 2747 2112 2812; baseline 0.001 -19"><span class='ocrx_word' id='word_1_245' title='bbox 283 2763 488 2794; x_wconf 85' lang='lat' dir='ltr'>amnem</span> <span class='ocrx_word' id='word_1_246' title='bbox 516 2764 684 2811; x_wconf 85' lang='lat' dir='ltr'>regem</span> <span class='ocrx_word' id='word_1_247' title='bbox 711 2764 770 2795; x_wconf 80' lang='lat' dir='ltr'>ex</span> <span class='ocrx_word' id='word_1_248' title='bbox 798 2748 967 2796; x_wconf 88' lang='lat' dir='ltr'>media</span> <span class='ocrx_word' id='word_1_249' title='bbox 992 2752 1154 2796; x_wconf 89' lang='lat' dir='ltr'>morte</span> <span class='ocrx_word' id='word_1_250' title='bbox 1180 2748 1388 2812; x_wconf 88' lang='lat' dir='ltr'>eripuit,</span> <span class='ocrx_word' id='word_1_251' title='bbox 1415 2747 1717 2796; x_wconf 86' lang='lat' dir='ltr'>memoriam</span> <span class='ocrx_word' id='word_1_252' title='bbox 1744 2747 1975 2811; x_wconf 85' lang='lat' dir='ltr'>Philippi</span> <span class='ocrx_word' id='word_1_253' title='bbox 2002 2750 2112 2795; x_wconf 91' lang='grc'>1110-</span> 
     </span>
     <span class='ocr_line' id='line_1_35' title="bbox 286 2823 2113 2888; baseline 0.001 -20"><span class='ocrx_word' id='word_1_254' title='bbox 286 2828 426 2869; x_wconf 82' lang='lat' dir='ltr'>retur</span> <span class='ocrx_word' id='word_1_255' title='bbox 463 2823 798 2887; x_wconf 81' lang='lat' dir='ltr'>laudaretque</span> <span class='ocrx_word' id='word_1_256' title='bbox 824 2824 933 2887; x_wconf 83' lang='lat' dir='ltr'>ejus</span> <span class='ocrx_word' id='word_1_257' title='bbox 970 2839 1047 2872; x_wconf 87' lang='lat' dir='ltr'>res</span> <span class='ocrx_word' id='word_1_258' title='bbox 1083 2828 1265 2888; x_wconf 87' lang='lat' dir='ltr'>gestas,</span> <span class='ocrx_word' id='word_1_259' title='bbox 1292 2825 1417 2872; x_wconf 89' lang='lat' dir='ltr'>adeo</span> <span class='ocrx_word' id='word_1_260' title='bbox 1454 2840 1627 2887; x_wconf 87' lang='lat' dir='ltr'>regem</span> <span class='ocrx_word' id='word_1_261' title='bbox 1653 2823 1887 2882; x_wconf 84' lang='lat' dir='ltr'>offendit,</span> <span class='ocrx_word' id='word_1_262' title='bbox 1914 2828 1974 2870; x_wconf 89' lang='lat' dir='ltr'>ut</span> <span class='ocrx_word' id='word_1_263' title='bbox 2010 2824 2113 2871; x_wconf 89' lang='lat' dir='ltr'>telo</span> 
     </span>
     <span class='ocr_line' id='line_1_36' title="bbox 284 2897 2113 2963; baseline 0 -18"><span class='ocrx_word' id='word_1_264' title='bbox 284 2915 313 2945; x_wconf 87' lang='lat' dir='ltr'>a</span> <span class='ocrx_word' id='word_1_265' title='bbox 339 2899 557 2946; x_wconf 78' lang='lat' dir='ltr'>satellite</span> <span class='ocrx_word' id='word_1_266' title='bbox 584 2902 729 2962; x_wconf 88' lang='lat' dir='ltr'>rapto</span> <span class='ocrx_word' id='word_1_267' title='bbox 756 2917 875 2946; x_wconf 89' lang='lat' dir='ltr'>eum</span> <span class='ocrx_word' id='word_1_268' title='bbox 901 2899 953 2946; x_wconf 93' lang='lat' dir='ltr'>in</span> <span class='ocrx_word' id='word_1_269' title='bbox 983 2899 1220 2948; x_wconf 87' lang='lat' dir='ltr'>convivio</span> <span class='ocrx_word' id='word_1_270' title='bbox 1244 2899 1541 2948; x_wconf 89' lang='lat' dir='ltr'>trucidaret.</span> <span class='ocrx_word' id='word_1_271' title='bbox 1598 2900 1881 2963; x_wconf 83' lang='lat' dir='ltr'>Postquam</span> <span class='ocrx_word' id='word_1_272' title='bbox 1906 2897 2113 2946; x_wconf 86' lang='lat' dir='ltr'>animus</span> 
     </span>
     <span class='ocr_line' id='line_1_37' title="bbox 284 2974 2112 3038; baseline 0.001 -16"><span class='ocrx_word' id='word_1_273' title='bbox 284 2975 598 3038; x_wconf 81' lang='lat' dir='ltr'>conquievit,</span> <span class='ocrx_word' id='word_1_274' title='bbox 637 2975 789 3024; x_wconf 87' lang='lat' dir='ltr'>modo</span> <span class='ocrx_word' id='word_1_275' title='bbox 827 2976 1093 3024; x_wconf 88' lang='lat' dir='ltr'>hominem</span> <span class='ocrx_word' id='word_1_276' title='bbox 1130 2976 1373 3035; x_wconf 86' lang='lat' dir='ltr'>occisum,</span> <span class='ocrx_word' id='word_1_277' title='bbox 1410 2975 1563 3024; x_wconf 89' lang='lat' dir='ltr'>modo</span> <span class='ocrx_word' id='word_1_278' title='bbox 1600 2991 1808 3024; x_wconf 88' lang='lat' dir='ltr'>cansam</span> <span class='ocrx_word' id='word_1_279' title='bbox 1844 2974 2112 3023; x_wconf 86' lang='lat' dir='ltr'>occidendi</span> 
     </span>
    </p>
   </div>
   <div class='ocr_carea' id='block_1_3' title="bbox 633 3152 1770 3194">
    <p class='ocr_par' dir='ltr' id='par_1_6' title="bbox 633 3152 1770 3194">
     <span class='ocr_line' id='line_1_38' title="bbox 633 3152 1770 3194; baseline 0.001 -9"><span class='ocrx_word' id='word_1_280' title='bbox 633 3152 648 3173; x_wconf 82' lang='lat'>⁶</span> <span class='ocrx_word' id='word_1_281' title='bbox 663 3153 735 3186; x_wconf 82' lang='lat'><strong>356.</strong></span> <span class='ocrx_word' id='word_1_282' title='bbox 754 3152 798 3186; x_wconf 78' lang='lat' dir='ltr'>R.</span> <span class='ocrx_word' id='word_1_283' title='bbox 817 3153 846 3186; x_wconf 90' lang='lat'>1.</span> <span class='ocrx_word' id='word_1_284' title='bbox 912 3153 926 3174; x_wconf 84' lang='lat'>⁷</span> <span class='ocrx_word' id='word_1_285' title='bbox 945 3154 1016 3186; x_wconf 73' lang='lat'><strong>632.</strong></span> <span class='ocrx_word' id='word_1_286' title='bbox 1227 3153 1307 3190; x_wconf 79' lang='lat'>48.</span> <span class='ocrx_word' id='word_1_287' title='bbox 1335 3154 1347 3175; x_wconf 84' lang='lat'>¹</span> <span class='ocrx_word' id='word_1_288' title='bbox 1365 3153 1436 3194; x_wconf 76' lang='lat'>3972,</span> <span class='ocrx_word' id='word_1_289' title='bbox 1456 3153 1500 3187; x_wconf 82' lang='lat' dir='ltr'>R.</span> <span class='ocrx_word' id='word_1_290' title='bbox 1520 3154 1550 3187; x_wconf 88' lang='lat'>3.</span> <span class='ocrx_word' id='word_1_291' title='bbox 1616 3152 1632 3174; x_wconf 76' lang='lat'>²</span> <span class='ocrx_word' id='word_1_292' title='bbox 1648 3153 1722 3193; x_wconf 74' lang='lat'>673,</span> <span class='ocrx_word' id='word_1_293' title='bbox 1738 3153 1770 3186; x_wconf 79' lang='lat'>3.</span> 
     </span>
    </p>
   </div>
  </div>
 </body>
</html>
