2243 3465
706 138 778 174 DE
814 137 996 174 GESTIS
1032 137 1384 174 ALEXANDRL
1896 129 1955 177 63

132 268 228 320 bus
254 270 562 320 incubantes
593 271 925 320 transnavere
961 286 1179 318 amnem.
1258 270 1374 318 Hoc
1399 269 1552 319 modo
1579 272 1720 319 sexto
1747 270 1955 319 demum

131 346 213 396 dic
238 347 312 394 111ο
338 347 580 395 ulteriore
606 346 717 409 ripa
745 350 914 395 totum
941 347 1227 395 exercitum
1253 346 1503 409 exposuit.

197 425 274 469 44.
309 422 534 487 Jamque
571 422 632 471 ad
684 422 1100 486 persequendum
1150 422 1364 470 Bessum
1419 424 1671 471 statuerat
1718 423 1954 487 progredi

132 514 251 546 cum
277 514 347 557 ea,
373 515 502 562 quae
537 498 594 546 111
633 498 905 562 Sogdianis
941 506 1084 563 gesta
1108 500 1269 556 erant,
1295 498 1575 562 cognoscit.
1647 498 1958 563 Conjurave-

130 582 250 622 rant
267 574 539 638 principes,
557 575 745 638 quibus
766 590 794 622 a
815 575 967 622 Besso
989 574 1216 622 maxima
1234 574 1358 622 fides
1380 574 1682 633 habebatur,
1700 580 1761 622 ut
1781 575 1956 623 vivum

131 650 427 699 Alexandro
465 650 743 698 traderent.
837 649 970 698 Dolo
1012 650 1288 713 deceptum
1324 650 1603 699 vinxerant
1650 650 1859 714 derepto
1897 667 1956 698 ex

132 727 295 788 capite
338 725 483 790 regni
524 725 720 790 insigni
762 726 1087 790 lacerataque
1128 729 1282 785 veste,
1324 742 1480 790 quam
1520 743 1545 774 e
1587 727 1763 790 spoliis
1806 727 1957 775 occisi

132 802 264 865 regis
310 802 585 862 induerat3
644 803 700 850 111
749 803 960 866 equum¹
1008 803 1314 866 impositum
1364 803 1664 851 Alexandro
1713 804 1958 852 tradituri

131 876 345 925 ducunt.
404 878 513 926 Rex
534 878 598 926 ad
618 879 800 927 urbem
826 879 1140 928 Maracanda
1159 882 1474 942 pervenerat.
1535 879 1796 928 Praesidio
1818 881 1958 928 urbis

130 954 310 1002 relicto
334 955 583 1017 processit
607 955 672 1003 ad
696 955 947 1004 „laxarten
974 972 1198 1015 amnem,
1220 972 1374 1019 quem
1400 955 1505 1019 ipse
1531 956 1824 1020 militesque
1849 956 1958 1020 ejus

129 1029 351 1078 Tanaim
376 1034 698 1094 putaverunt
721 1047 840 1080 esse.
910 1033 1022 1087 Quo
1049 1032 1332 1095 perductus
1359 1039 1435 1080 est
1472 1032 1659 1080 Bessus
1686 1049 1790 1080 11011
1815 1033 1958 1081 vinc-

129 1112 216 1154 tus
241 1106 410 1166 modo,
432 1107 519 1155 sed
545 1107 700 1156 etiam
727 1107 871 1156 omni
897 1108 1185 1156 veiamento
1207 1108 1432 1172 corporis
1458 1108 1720 1171 spoliatus.
1793 1108 1960 1172 Spita-

129 1184 320 1242 menes,
346 1199 482 1232 unus
518 1183 562 1231 e²
600 1184 902 1248 conjuratiS,
940 1200 1060 1232 eum
1098 1186 1307 1233 tenebat
1343 1184 1493 1233 collo³
1530 1185 1724 1233 inserta
1761 1188 1958 1244 catena,

130 1262 235 1307 tam
262 1260 492 1308 barbaris
517 1276 674 1324 quam
706 1260 1080 1309 Macedonibus
1116 1263 1324 1325 gratnm
1363 1262 1733 1324 spectaculum.
1801 1261 1958 1309 Alex-

129 1335 288 1383 ander
325 1335 610 1395 Oxathren,
645 1337 858 1385 fratrem
896 1336 1068 1397 Darei,
1096 1353 1250 1401 quem
1285 1337 1424 1385 inter
1459 1339 1684 1401 corporis
1720 1339 1959 1386 custodes

128 1412 367 1471 habebat,
392 1412 605 1476 propius
636 1413 793 1477 jussit
829 1413 1081 1472 accedere,
1107 1413 1344 1477 tradique
1381 1413 1596 1462 Bessum
1632 1413 1691 1473 ei,
1720 1417 1781 1462 ut
1818 1414 1959 1462 cruci

128 1488 359 1536 adfixum
395 1489 652 1538 mutilatis
688 1489 900 1538 auribus
936 1490 1251 1554 naribusque
1278 1490 1481 1554 sagittis
1507 1490 1826 1555 configerent
1853 1493 1959 1539 bar·

115 1560 252 1612 bari.
341 1565 583 1614 Ceterum
628 1566 944 1629 supplicium
986 1566 1096 1630 ejus
1138 1566 1361 1623 distulit,
1400 1570 1462 1614 ut
1502 1582 1559 1615 eo
1602 1568 1728 1626 loco,
1764 1567 1820 1615 in
1857 1583 1958 1631 quo

128 1640 359 1689 Dareum
384 1641 492 1705 ipse
517 1642 808 1701 occiderat,4
835 1649 1122 1692 necaretur.

195 1716 525 1775 Condendae⁵
550 1717 667 1766 urbi
693 1718 863 1766 sedem
891 1734 1043 1782 super
1067 1718 1235 1782 ripam
1253 1718 1486 1768 Jaxartis
1505 1719 1738 1783 elegerat.
1787 1719 1958 1778 Quan-

127 1793 242 1840 tum
269 1793 380 1841 soli⁰
400 1797 740 1857 occupaverat
765 1794 959 1854 castris,
982 1811 1129 1844 muro
1157 1795 1515 1844 circumdedit.
1574 1795 1728 1844 Hanc
1753 1812 1959 1860 quoque

128 1869 309 1917 urbem
334 1869 706 1918 Alexandriam
737 1871 983 1935 appellari
1015 1871 1183 1935 jussit.
1252 1871 1459 1920 Incolae
1497 1887 1658 1920 novae
1695 1872 1810 1920 urbi
1848 1872 1957 1920 dati

129 1944 334 2008 captivi,
361 1961 488 2009 quos
513 1946 714 1995 reddito
738 1946 904 2009 pretio
930 1947 1156 1995 dominis
1180 1947 1433 1996 liberavit.

196 2025 278 2069 45.
315 2023 390 2069 At
419 2037 507 2070 rex
546 2021 873 2087 Scytharum,
900 2023 1050 2086 cujus
1087 2025 1203 2071 tum
1229 2024 1367 2072 ultra
1393 2023 1643 2072 Jaxarten
1681 2023 1959 2086 imperium

128 2100 252 2156 erat,
278 2099 436 2146 ratus¹
464 2114 576 2146 eam
618 2099 813 2158 urbem,
840 2115 997 2162 quam
1037 2100 1088 2147 in
1134 2100 1245 2163 ripa
1286 2100 1454 2148 amuis
1491 2099 1801 2149 Macedones
1839 2116 1958 2148 con-

129 2173 382 2232 diderant,
426 2174 531 2222 suis
572 2173 871 2238 impositam
914 2190 1017 2223 esse-
1059 2175 1376 2234 cervicibus,2
1415 2176 1628 2224 fratrem
1667 2176 1958 2225 Carthasim

129 2249 340 2298 nomine
366 2265 487 2298 cum
524 2266 714 2313 magna
738 2250 974 2315 equitum
1010 2267 1172 2300 manu
1210 2251 1354 2299 misit
1389 2252 1452 2299 ad
1489 2268 1600 2299 eam
1637 2251 1957 2300 diruendam.

131 2325 268 2384 Quos
294 2329 354 2373 ut
379 2326 659 2389 repelleret,
687 2343 774 2375 rex
811 2327 864 2375 in
903 2332 1037 2376 rates
1062 2328 1346 2376 exercitum
1370 2327 1633 2391 imposuit.
1703 2329 1765 2376 In
1792 2329 1958 2391 proris

132 2402 378 2466 clipeatos
402 2402 660 2452 locaverat
690 2403 860 2467 jussos
895 2403 951 2451 111
988 2420 1158 2468 genua
1194 2404 1468 2463 subsidere,
1495 2404 1613 2467 quo³
1640 2403 1857 2452 tutiores
1883 2420 1957 2452 es-

130 2481 246 2527 sent
270 2478 513 2527 adversus
548 2478 685 2528 ictus
721 2480 1059 2543 sagittarum,
1098 2481 1294 2543 equites
1319 2480 1363 2528 a⁴
1388 2495 1559 2543 puppe
1584 2496 1683 2528 nan
1695 2484 1767 2528 tes
1804 2495 1957 2544 equos

129 2557 251 2606 loris
276 2557 565 2606 trahebant.
639 2559 853 2607 Barbari
879 2559 1146 2643 ingentem
1168 2560 1272 2608 vim
1299 2560 1605 2623 sagittarum
1625 2560 1958 2623 conjecerunt

128 2633 185 2682 in
222 2635 370 2692 rates,
396 2633 582 2697 vixque
617 2634 789 2682 ullum
825 2635 928 2683 fuit
961 2641 1186 2695 scutum,
1214 2635 1350 2699 quod
1386 2651 1490 2683 non
1528 2636 1766 2699 pluribus
1802 2636 1957 2684 simul

131 2709 344 2772 spiculis
384 2709 764 2772 perforaretur.⁵
843 2710 966 2759 Jam
1009 2716 1171 2758 terrae
1211 2714 1345 2759 rates
1386 2710 1796 2774 applicabantur,
1837 2728 1957 2760 cum

129 2785 260 2833 acies
285 2784 506 2847 clipeata
525 2785 790 2849 consurgit
809 2789 860 2833 et
885 2786 1057 2834 hastas
1083 2790 1221 2835 certo
1246 2787 1355 2835 ictu
1382 2787 1550 2835 mittit
1569 2803 1594 2834 e
1619 2788 1831 2835 ratibus.
1879 2788 1957 2837 Ut·

132 2859 338 2908 territos
363 2860 593 2908 hostium
620 2877 772 2924 equos
794 2858 1056 2921 fiderunt,
1083 2862 1273 2910 alacres
1310 2863 1364 2910 in
1401 2865 1594 2911 terram
1618 2863 1956 2911 desiluerunt.

129 2934 375 2983 Turbatis
416 2935 601 2984 acriter
640 2936 823 2999 pedem
866 2937 1054 2985 inferre
1096 2942 1389 3002 coeperunt.
1471 2937 1730 3002 Equitum
1771 2939 1956 2986 deinde

191 3053 207 3074 ⁶
222 3053 295 3093 384,
312 3053 358 3086 R.
378 3054 406 3087 1.
566 3054 645 3090 44.
673 3056 684 3076 ¹
703 3056 775 3094 316,
792 3055 836 3088 R.
855 3055 886 3089 1.
951 3056 966 3078 ²
983 3057 1055 3095 371,
1073 3057 1116 3090 R.
1135 3058 1166 3090 5.
1232 3056 1247 3079 ³
1263 3058 1337 3091 346.
1404 3057 1419 3080 ⁴
1436 3058 1510 3098 630,
1526 3057 1571 3091 R.
1591 3058 1620 3091 1.
1687 3057 1703 3079 ⁶
1717 3057 1792 3091 430.
1851 3057 1866 3078 ⁶
1881 3057 1953 3091 371.

131 3103 210 3140 ⁶15.
238 3105 250 3127 ¹
268 3105 340 3146 278,
358 3105 403 3139 R.
469 3105 485 3128 2
500 3105 575 3140 346.
640 3105 655 3128 ⁸
672 3107 743 3147 545,
761 3107 792 3140 2.
859 3106 874 3129 ⁴
890 3107 962 3148 388,
979 3108 1025 3142 R.
1042 3109 1073 3142 2.
1140 3108 1155 3130 ⁸
1171 3109 1243 3142 634.
