2243 3465
252 166 317 215 42
948 175 1122 211 LATIN
1160 175 1400 211 READER.

251 313 412 377 petuo
431 310 559 376 jugo
580 310 739 358 Tauri
767 308 961 357 montis
985 308 1250 372 praerupti
1273 307 1456 357 Cilicia
1473 306 1781 366 includitur,
1802 306 1965 371 asperi
1986 308 2089 356 tres

195 440 198 443 ,
254 387 427 436 aditus
452 391 504 435 et
528 386 736 451 angust-i
767 390 902 434 sunt.
974 385 1270 433 Alexander
1304 400 1394 448 per
1418 385 1592 433 fauces
1622 383 1753 448 jugi,
1779 400 1909 448 quae
1935 385 2089 449 Pylae

253 464 599 527 appellantur,
628 461 965 510 transcendit.
1032 461 1141 510 Ubi
1168 461 1229 509 ad
1260 463 1438 509 urbem
1466 460 1708 509 Tarsum¹
1736 466 1953 508 ventum
1979 461 2089 518 est,²

253 556 411 604 quam
436 538 679 587 mediam³
707 538 921 602 Cydnus
956 537 1126 586 amnis
1162 536 1434 596 interfluit,
1460 552 1633 599 regem
1659 552 1717 583 ex
1755 535 1941 585 itinere
1975 537 2088 600 pul·

252 632 368 664 vere
394 632 451 664 ac
477 615 662 664 sudore
697 615 970 678 perfusum
1006 613 1253 661 invitavit
1288 612 1461 676 liquor
1497 611 1744 671 fluminis,
1770 614 1831 660 ut
1860 613 2090 661 calidum

254 708 439 756 corpus
465 692 714 741 ablueret.
787 691 970 754 Itaque
995 692 1134 738 veste
1160 689 1409 753 deposita⁴
1436 689 1488 737 in
1518 688 1856 753 perfrigidam
1893 690 2091 738 undam

255 785 304 817 se
325 768 557 834 projecit.
618 767 721 817 Vix
748 768 922 816 autern
951 767 1214 830 ingressus
1235 767 1358 825 erat,
1376 782 1497 814 cum
1524 766 1696 814 subito
1715 766 1926 814 horrore
1947 767 2091 815 artus

253 849 417 913 rigere
442 849 724 911 coeperunt
748 851 800 894 et
824 850 998 895 totum
1035 845 1413 910 propemodum
1442 861 1628 910 corpus
1653 845 1827 894 vitalis
1855 845 1993 894 calor
2017 862 2092 894 re-

253 924 447 989 liquit}
515 922 823 988 Exspiranti
850 922 1073 972 similem
1099 922 1328 971 ministri
1356 939 1473 971 man
1485 940 1514 970 u
1542 921 1811 987 excipiunt
1834 923 1948 971 nec⁶
1969 923 2093 971 satis

255 1004 547 1065 compotem
585 1001 777 1049 mentis
813 1000 865 1048 in
904 1000 1302 1049 tabernaculum
1337 999 1594 1047 deferunt.
1675 999 1868 1063 Ingens
1905 999 2093 1048 sollici-

255 1078 383 1126 tudo
409 1084 460 1126 et
488 1093 651 1142 paene
681 1077 789 1142 jam
816 1077 992 1125 luctus
1018 1077 1071 1124 in
1101 1075 1282 1124 castris
1308 1077 1431 1134 erat,
1459 1091 1579 1124 cum
1615 1091 1705 1125 rex
1741 1075 1955 1124 liberius
1992 1076 2093 1140 spi-

255 1170 366 1203 rare
394 1154 594 1218 coepit.⁵
663 1154 940 1202 Allevabat
965 1154 1142 1209 oculos
1167 1154 1217 1201 et
1242 1152 1497 1216 paulatim
1523 1152 1772 1201 redeunte
1797 1152 1972 1201 animo
1998 1152 2094 1201 cir-

257 1235 579 1280 cumstantes
614 1231 806 1279 amicos
844 1233 1142 1295 agnoverat,
1169 1230 1444 1293 laxataque
1480 1228 1557 1278 vis
1594 1229 1762 1277 morbi
1798 1228 2084 1278 videbatur.

256 1307 439 1356 Animi
475 1310 650 1356 autem
687 1307 959 1371 aegritudo
987 1323 1174 1370 corpus
1211 1308 1446 1370 urgebat,
1482 1322 1605 1354 nam
1643 1305 1872 1354 Dareum
1909 1307 2095 1370 quinto

257 1385 338 1433 die
363 1384 418 1432 in
447 1383 629 1433 Cilicia
654 1385 762 1432 fore
786 1384 1146 1432 nuntiabatur.
1217 1382 1475 1431 Vinctum
1503 1399 1622 1446 ergo
1649 1397 1699 1430 se
1724 1382 1879 1430 tradi⁷
1904 1386 1955 1431 et
1979 1386 2093 1431 tan-

256 1465 367 1510 tam
404 1460 675 1509 victoriam
715 1461 843 1524 eripi
883 1459 1001 1508 sibi⁸
1037 1476 1097 1507 ex
1137 1459 1394 1519 manibus,
1432 1460 1751 1523 obscuraque
1787 1461 1838 1507 et
1874 1458 2096 1524 ignobili

257 1539 422 1586 morte
460 1537 515 1585 in
552 1537 888 1586 tabernaculo
915 1534 1180 1601 exstingui
1217 1551 1268 1584 se
1295 1536 1620 1600 querebatur.
1691 1536 1844 1585 Unus
1881 1540 1989 1584 erat
2014 1537 2094 1584 ex⁹

257 1613 488 1673 medicis,
514 1613 727 1662 nomine
767 1613 1058 1678 Philippus,
1085 1612 1175 1676 qui
1214 1613 1352 1661 solus
1389 1611 1678 1660 remedium
1713 1612 2094 1675 polliceretur.¹⁰

257 1690 405 1739 Inter
428 1691 554 1739 haec
579 1707 608 1738 a
633 1689 992 1748 Parmenione,
1015 1689 1265 1738 fidissimo
1291 1693 1718 1753 purpuratorum,
1740 1689 1939 1738 litteras
1965 1690 2096 1738 acci-

256 1766 350 1832 pit,
371 1766 594 1830 quibus¹¹
623 1766 668 1815 ei
694 1766 1055 1825 denuntiabat,
1080 1782 1144 1814 ne
1171 1765 1390 1814 salutem
1417 1781 1564 1813 suam
1591 1765 1834 1829 Philippo
1855 1767 2095 1814 commit-

257 1847 418 1903 teret3
456 1843 598 1891 mille
625 1843 838 1891 talentis
875 1859 904 1891 a
940 1842 1108 1891 Dareo
1135 1857 1240 1891 esse
1266 1845 1584 1906 corruptum.
1654 1842 1762 1890 Rex
1800 1843 2087 1906 epistolam,

259 1919 431 1984 sigillo
474 1920 620 1968 anuli
664 1920 744 1968 sui
781 1919 1064 1983 impresso,⁴
1090 1917 1361 1983 pulvino,¹²
1400 1918 1484 1967 cui
1527 1918 1824 1978 incubabat,
1863 1919 2097 1983 subjecit.

260 1998 385 2046 Post
427 1997 565 2045 diem
610 1996 865 2044 tertium¹³
907 1995 1002 2057 (ita
1037 1995 1177 2044 enim
1220 1995 1455 2043 medicus
1497 1994 1846 2059 praedixerat)
1885 2000 2096 2059 accepto

257 2073 445 2138 poculo
472 2073 743 2137 epistolam
770 2072 969 2121 medico
994 2072 1158 2121 tradit
1182 2078 1336 2136 atque
1361 2071 1500 2120 inter
1528 2071 1812 2120 bibendum
1839 2072 2015 2121 oculos
2040 2072 2092 2120 in

258 2150 467 2199 vultum
492 2150 714 2214 legentis
740 2149 981 2197 intendit.
1056 2148 1134 2198 Ut
1160 2164 1402 2197 securum
1424 2148 1705 2212 conspexit,
1728 2148 1909 2197 laetior
1928 2150 2097 2199 factus

260 2229 337 2276 est
362 2226 740 2290 sanitatemque
767 2229 952 2289 quarto
979 2225 1060 2273 die
1085 2225 1295 2288 recepit.

328 2306 405 2351 11.
441 2304 515 2350 At
556 2302 754 2351 Dareus
796 2302 987 2350 nuntio
1031 2302 1092 2350 de
1131 2301 1342 2350 adversa
1377 2300 1675 2350 valetudine
1718 2300 1828 2364 ejus
1870 2304 2095 2365 accepto,

259 2379 565 2443 Euphraten
619 2378 825 2442 trajecit
885 2378 1110 2426 exercitu
1122 2395 1188 2436 in,
1240 2377 1478 2426 Ciliciam
1527 2393 1775 2441 occupare
1823 2378 2088 2428 festinans.

261 2457 486 2521 Jamque
508 2456 689 2505 Graeci
711 2455 901 2504 milites
929 2471 957 2503 a
984 2455 1320 2503 Pharnabazo
1345 2454 1486 2502 missi
1513 2454 1576 2502 ad
1598 2470 1716 2502 eum
1737 2461 2096 2517 pervenerant.

261 2533 334 2581 Hi
362 2549 670 2598 magnopere
698 2532 1000 2591 suadebant,
1029 2534 1090 2578 ut
1124 2533 1258 2578 retro
1284 2530 1447 2579 abiret
1473 2546 1783 2594 camposque
1809 2531 2098 2595 Mesopota-

259 2610 395 2658 miae
432 2611 713 2673 repeteret3
753 2608 793 2656 si
831 2608 884 2656 id
922 2607 1202 2657 consilium
1239 2607 1587 2670 improbaret,¹
1616 2607 1888 2656 divideret2
1916 2609 2098 2660 saltem

259 2685 665 2733 innumerabiles
692 2684 878 2748 copias,
905 2690 967 2732 ut
1003 2683 1199 2732 bellum
1238 2683 1543 2731 traheretur.
1614 2684 1697 2731 Ad
1735 2684 1862 2732 haec
1898 2684 2097 2734 Dareus

263 2762 470 2811 Graecis
501 2761 737 2810 nuntiari
758 2761 924 2824 jubet,
951 2760 1142 2824 ipsum³
1168 2759 1378 2824 quidem
1417 2775 1509 2822 pro
1535 2759 1896 2808 benevolentia
1920 2777 2098 2811 eorum

260 2839 451 2904 gratias
476 2854 637 2903 agere,
665 2841 908 2897 ceterum,
936 2838 976 2885 si
1015 2839 1151 2884 retro
1178 2836 1250 2883 ire
1286 2835 1499 2900 pe1·gat,⁴
1528 2836 1665 2884 haud
1695 2836 1851 2884 dubie
1875 2853 2097 2900 regnum

261 2916 501 2964 hostibus
544 2914 879 2962 traditurum.
950 2913 1110 2962 Fama
1152 2912 1286 2961 bella
1328 2914 1462 2961 stare
1500 2916 1552 2960 et
1588 2928 1721 2971 eum,
1747 2913 1835 2977 qui
1877 2912 2096 2975 recedat,

327 3063 408 3097 10.
436 3062 447 3084 ¹
466 3062 539 3102 410,
556 3061 601 3094 R.
619 3063 649 3095 3.
713 3062 729 3083 ²
746 3062 817 3095 199.
836 3062 879 3094 R.
899 3062 927 3095 1.
996 3061 1011 3082 ³
1028 3062 1102 3100 287,
1118 3061 1162 3094 R.
1233 3061 1248 3083 ⁴
1264 3061 1338 3099 409,
1356 3060 1400 3093 R.
1420 3060 1449 3093 1.
1517 3060 1532 3082 ⁶
1548 3060 1620 3093 582.
1699 3059 1714 3081 ⁸
1729 3060 1802 3100 448,
1822 3060 1863 3092 R.
1883 3060 1915 3093 2.
1990 3060 2005 3082 ⁷
2022 3062 2092 3095 533.

261 3112 276 3134 ⁸
294 3115 365 3154 343,
384 3115 427 3148 R.
447 3115 476 3146 2.
523 3113 538 3135 ⁹
555 3115 627 3153 371,
646 3113 687 3146 R.
707 3115 735 3146 5.
785 3114 817 3135 ¹⁰
833 3115 906 3148 (533.
991 3112 1021 3132 ¹¹
1040 3113 1111 3151 385,
1128 3112 1171 3144 R.
1261 3112 1293 3133 ¹²
1310 3113 1380 3145 346.
1470 3110 1502 3134 ¹³
1519 3112 1592 3152 400.
1609 3112 1653 3145 R.
1672 3112 1703 3145 3.
1840 3112 1860 3146 1
1875 3112 1918 3148 l.
1944 3112 1955 3134 ¹
1973 3113 2047 3153 660,
2067 3113 2083 3146 1

263 3168 278 3190 ²
295 3168 366 3200 655.
412 3166 427 3188 ³
444 3166 515 3206 521,
534 3165 578 3199 R.
596 3166 627 3199 8.
674 3165 689 3187 ⁴
705 3166 778 3206 660,
796 3166 827 3199 3.
