2243 3465
121 161 186 208 20
811 169 986 207 LATIN
1033 167 1270 204 READER.

123 304 222 351 tur.
305 301 606 366 Aliquando
645 316 764 350 cum
814 300 888 348 dii
933 300 1068 365 apud
1118 298 1293 364 ipsum
1341 301 1602 359 cenarent,
1644 297 1974 348 divinitatem

121 388 302 429 cerum
340 384 547 430 tentans
584 379 789 443 Pelopis
813 380 916 428 filii
951 381 1184 428 membra
1220 383 1365 428 cocta
1387 380 1398 400 ¹
1436 380 1498 427 iis
1524 379 1775 442 apposuit.
1856 377 1974 427 Sela

123 462 290 521 Ceres,
310 462 484 510 dolore
509 460 651 509 filiae
677 460 859 518 defixa,
880 459 1160 508 humerum
1186 459 1310 508 edit.
1369 458 1554 522 Pelops
1578 464 1606 506 a
1625 458 1722 506 diis
1742 457 1797 505 111
1815 459 1976 506 vitam

125 544 390 590 revocatus
432 542 795 603 eburneusque
838 545 884 587 ei
920 539 1175 587 humerus
1217 538 1489 587 restitutus
1537 543 1628 586 est.
1719 536 1975 584 Tantalus

122 621 260 685 apud
302 621 493 669 inferes
535 619 787 668 maximas
834 624 1023 682 paenas
1059 618 1203 667 luit.·
1245 617 1436 667 Sitiens
1473 618 1645 666 stabat
1678 615 1882 664 media²
1919 615 1976 663 in

121 707 282 766 aqua;
309 700 397 749 sed
423 716 543 749 cum
568 699 742 747 bibere
767 699 923 748 vellet
939 698 954 720 ³
980 715 1097 747 men
1109 702 1262 762 teque
1288 713 1550 746 summam
1566 697 1582 718 ²
1608 712 1796 761 aquam
1817 695 1977 743 attin-

120 783 276 846 geret,
304 796 436 844 aqua
459 779 745 827 recedebat.
816 778 979 826 Pema
1004 793 1157 842 super
1182 778 1349 841 capite
1373 777 1486 842 ejus
1512 776 1825 841 pendebant,
1846 790 1977 839 quae

121 876 241 908 cum
260 859 524 923 captaret,³
551 864 682 907 rami
716 858 1041 906 recedebant.
1111 857 1307 907 Saxum
1333 857 1519 922 ingens
1544 871 1744 919 semper
1768 854 1844 903 ei⁴
1880 854 1976 902 im-

118 940 390 1005 pendebat.

581 1004 593 1026 1
611 1004 682 1044 667,
699 1003 744 1037 R.
764 1004 795 1037 1.
880 1003 896 1025 2
912 1003 985 1043 287.
1002 1003 1049 1037 R.
1135 1002 1151 1025 ⁸
1167 1002 1239 1043 569,
1257 1001 1304 1036 R.
1402 1002 1419 1025 ⁴
1435 1002 1508 1035 346.

928 1110 970 1148 9.
998 1108 1182 1159 Pelops.

190 1192 499 1252 Oenomaus,
525 1180 695 1240 Elidis
720 1194 771 1239 et
797 1189 1034 1238 Pisarum
1061 1191 1167 1248 rex,
1191 1187 1400 1237 unicam
1426 1186 1594 1236 filiam
1617 1185 1807 1236 habuit
1841 1185 1975 1250 Hip-

118 1272 428 1336 podamiam.
501 1271 581 1320 De
608 1272 744 1320 vitae
768 1268 912 1318 exitu
938 1268 1210 1317 Graculum
1247 1268 1594 1332 interroganti
1614 1267 1741 1314 deus
1765 1281 1974 1329 respon-

120 1351 278 1411 derat,
322 1349 533 1415 nuptias
575 1349 717 1398 ffliae
763 1351 899 1398 vitae
938 1348 1102 1396 finem
1145 1347 1388 1396 allaturas
1436 1361 1554 1395 esse.
1624 1345 1808 1409 Itaque
1854 1360 1976 1393 011111
2031 1393 2037 1397 ,

119 1432 277 1480 multi
297 1431 549 1495 virginem
566 1430 620 1478 in
643 1428 1041 1477 matrimonium
1060 1432 1306 1492 peterent,
1325 1429 1581 1476 certamen
1604 1425 1976 1490 quadrigarum

118 1517 287 1576 procis
311 1509 583 1575 preposuit
607 1515 664 1557 ea
688 1508 1006 1567 condiciene,
1032 1510 1095 1556 ut
1112 1508 1124 1530 ¹
1162 1507 1328 1557 victor
1352 1505 1517 1555 filiam
1557 1505 1826 1568 acciperet,
1853 1503 1975 1568 qui²

119 1592 290 1640 victus
314 1590 477 1649 esset,3
502 1588 786 1653 supplicio⁴
809 1589 1131 1637 adficeretur.
1202 1586 1445 1650 Spatium
1482 1592 1661 1634 cursus
1698 1583 1975 1633 constituit

121 1677 149 1718 a
175 1670 306 1719 Pisis
349 1670 414 1718 ad
454 1670 691 1732 Neptuni
731 1669 787 1716 in
831 1668 1035 1716 Isthmo
1062 1673 1216 1715 aram.
1313 1667 1457 1715 Dum
1482 1665 1591 1729 ipse
1617 1665 1828 1714 arietem
1853 1663 1976 1713 Jovi

120 1751 350 1810 mactat,⁵
389 1755 667 1813 procorum
693 1763 879 1797 currus
902 1747 1045 1811 prior
1064 1747 1079 1769 ⁶
1106 1754 1132 1795 e
1159 1746 1448 1795 carceribus
1474 1745 1816 1794 emittebatur
1831 1761 1844 1806 3
1889 1743 1976 1792 sed

122 1848 242 1881 cum
267 1836 425 1895 eques
460 1830 674 1877 haberet
710 1828 952 1891 aquilene
988 1827 1285 1886 veleoieres,
1323 1825 1706 1885 celeriterillos
1741 1830 1976 1887 asseque-

121 1913 275 1961 batur
299 1911 547 1973 hastaque
585 1907 940 1972 transfigebat.
1009 1906 1453 1970 Interempterum
1491 1905 1660 1969 capita
1696 1919 1848 1967 super
1873 1903 1976 1951 val-

121 1997 208 2041 vas
227 1990 357 2038 fixit.
426 1987 591 2038 Venit
608 1987 748 2036 Pisas
768 1987 925 2035 etiam
943 1986 1143 2050 Pelops,
1164 1985 1374 2034 Tantali
1393 1984 1555 2044 filius,
1571 1990 1663 2049 qui
1682 1983 1974 2048 Myrtilum,

125 2070 373 2119 Oenomai
419 2073 669 2132 aurigam,
720 2065 999 2114 dimidium
1047 2081 1269 2129 regnum
1315 2063 1594 2129 pollicitus,
1633 2062 1878 2126 corrupit,
1916 2062 1977 2110 ut

123 2150 292 2199 claves
317 2151 549 2196 rotarum
576 2146 881 2194 detraheret.
961 2144 1076 2204 Quo
1111 2145 1313 2193 factum
1348 2146 1438 2204 est,
1474 2145 1535 2192 ut
1569 2142 1977 2207 prior⁶·metan1

124 2228 418 2292 attingeret.
489 2226 783 2275 Oenomaus
804 2226 1026 2273 mortem
1047 2223 1147 2272 sibi
1166 2225 1275 2287 ipse
1295 2223 1560 2272 conscivit.
1616 2221 1802 2272 Victor
1820 2220 1976 2269 fidem

123 2308 339 2373 Myrtile
365 2307 541 2355 datam
557 2307 572 2328 ⁷
597 2311 703 2353 nen
730 2303 1006 2369 praestitit,
1032 2303 1119 2352 sed
1144 2304 1199 2352 in
1226 2320 1366 2352 mare
1387 2319 1505 2351 enm
1527 2302 1591 2351 de
1610 2309 1733 2366 rupe
1751 2300 1974 2365 dejecit3

128 2395 219 2454 qui
264 2388 489 2436 moriens
536 2392 712 2450 generi
760 2384 963 2448 Pelopis
1010 2384 1144 2433 male
1190 2390 1428 2448 precatus
1454 2384 1543 2432 est.
1624 2381 1808 2446 Pelops
1854 2396 1977 2429 011111

124 2468 479 2532 Hippodamia
517 2465 708 2530 regne⁸
749 2467 947 2529 potitus
988 2463 1236 2527 plurimas
1279 2463 1391 2527 ejus
1432 2461 1769 2526 paeninsulae
1792 2462 1975 2525 gentes

127 2548 221 2598 sub
247 2547 505 2596 dicienem
531 2562 677 2594 suam
701 2545 912 2609 redegit.
982 2544 1373 2608 Peloponnesus
1399 2543 1461 2591 ab
1498 2547 1556 2590 οὀ
1595 2544 1672 2590 est
1708 2541 1977 2605 appellata.

168 2641 182 2664 ι
199 2641 270 2674 546.
357 2639 373 2662 2
389 2639 460 2673 621.
548 2639 562 2660 ³
579 2639 651 2679 515,
669 2639 711 2671 R.
731 2638 760 2670 3.
849 2638 952 2673 ⁴403,
969 2637 1015 2670 R.
1033 2637 1064 2670 2.
1151 2636 1167 2658 ⁶
1183 2637 1255 2669 572.
1342 2636 1357 2657 ο
1373 2636 1446 2675 324,
1465 2635 1508 2668 R.
1526 2635 1556 2668 6.
1644 2634 1659 2656 τ
1676 2634 1748 2667 640.
1836 2633 1851 2655 ⁸
1867 2633 1940 2666 405.

572 2738 643 2774 10.
671 2737 841 2774 Atreus
870 2738 916 2774 et
944 2734 1190 2785 Thyestes,
1219 2733 1407 2784 Pelopis
1435 2730 1536 2772 filii.

192 2820 386 2867 Atreus
422 2818 707 2881 Thyestam
743 2817 969 2874 fratrem,
1006 2814 1242 2879 conjugis
1279 2814 1593 2873 adulterum,
1630 2812 1683 2860 in
1733 2812 1975 2860 exsilium

128 2899 248 2964 egit.
317 2898 390 2946 At
413 2897 456 2945 18
492 2897 641 2944 Atrei
678 2896 852 2943 filium
899 2895 1158 2943 infantem
1206 2896 1384 2943 secum
1431 2893 1585 2942 duxit
1620 2899 1672 2941 et
1707 2894 1975 2956 tamquam

129 2994 283 3028 suum
311 2977 563 3026 educavit.
632 2975 1034 3023 Adulescentem
1067 2974 1312 3038 Mycenas
1337 2974 1349 2995 ¹
1378 2974 1535 3032 misit,
1564 2976 1624 3020 ut
1648 2972 1870 3019 Atreum
1897 2972 1975 3018 in-

129 3059 394 3106 terficeret.
466 3055 912 3118 Oomprehensum
951 3070 1071 3102 011111
1113 3053 1287 3118 gladie
1328 3053 1536 3110 Atreus,
1579 3052 1754 3100 fratris
1792 3049 1975 3098 filium

131 3153 234 3186 esse
258 3139 464 3200 putans,
490 3135 693 3185 occidit.
772 3133 855 3183 Sic
879 3135 1025 3198 pater
1060 3133 1363 3195 imprudens
1400 3148 1555 3181 suum
1596 3130 1778 3179 filium
1816 3128 1975 3177 inter-
