2243 3465
785 190 856 224 nr.
892 187 1062 224 BELLo
1100 186 1350 222 GALLICO.
1930 174 1994 224 97

164 324 436 376 Catuvolci
462 327 624 376 erant,
645 322 802 372 misit.
861 322 962 371 His
989 316 1245 370 militibus
1267 320 1528 379 Quintum
1553 319 1824 367 Titurium
1852 317 1996 366 Sabi-

164 419 294 450 num
319 406 371 450 et
410 401 635 449 Lucium
660 400 1081 447 Aurunculeium
1113 397 1319 445 Cottam
1359 397 1553 459 legatos
1579 411 1805 459 praeesse
1827 394 1998 458 jussit.

163 479 244 526 Ad
270 479 415 526 hunc
442 477 658 524 modum
684 475 976 523 distributis
1001 473 1294 538 legionibus
1330 472 1574 520 facillime
1601 471 1864 534 inopiae³⁰⁸
1890 471 1997 518 fru-

163 554 445 602 mentariae
472 568 575 602 sese
601 552 794 600 mederi
817 551 1020 615 posse³⁰⁹
1046 548 1363 598 existimavit
1386 565 1396 596 ε
1428 552 1581 612 atque
1609 549 1793 595 harum
1826 553 1998 594 tamen

163 631 401 679 omnium
432 629 700 693 legionum
736 628 966 685 hiberna,
993 629 1194 690 praeter
1220 641 1330 673 eam
1357 640 1514 688 quam
1541 624 1703 671 Lucio
1730 623 1913 672 Roscio
1940 622 1996 670 in

163 706 545 770 pacatissimam
570 707 622 752 et
654 703 1032 768 quietissimam
1069 707 1269 765 partem
1296 701 1587 749 ducendam
1613 699 1837 758 dederat,
1864 699 1998 746 mili-

163 783 315 832 bus³¹⁰
357 797 605 846 passuum
648 785 860 829 centum
902 778 1323 827 continebantur.
1416 777 1531 841 Ipse
1575 777 1785 837 interea,
1829 773 1998 838 quoad

166 858 389 922 legiones
415 858 713 905 collocasset
748 855 1055 920 munitaque
1080 854 1297 903 hiberna
1322 853 1717 918 cognovisset,³¹l
1746 854 1800 900 in
1829 851 1999 900 Gallia

164 935 348 983 morari
379 933 669 982 constituit.

229 1010 397 1059 XXV.
438 1010 569 1058 Erat
605 1010 659 1057 in
699 1008 1020 1057 Carnutibus
1069 1023 1273 1057 summo
1309 1007 1457 1055 loco³l
1517 1008 1672 1054 natus
1709 1004 1998 1069 Tasgetius,

164 1087 314 1151 cujus
356 1086 573 1150 majores
614 1086 668 1134 in
715 1100 807 1134 sua
848 1084 1059 1133 civitate
1101 1100 1321 1148 regnum
1364 1082 1769 1131 obtinuerant.³¹³
1857 1080 2000 1128 Huic

166 1163 353 1212 Caesar
378 1179 471 1226 pro
497 1163 607 1226 ejus
631 1162 825 1210 virtute
851 1166 1004 1224 atque
1027 1161 1082 1208 in
1111 1176 1161 1209 se
1187 1158 1562 1217 benevolentia,
1589 1158 1728 1222 quod
1754 1158 1809 1205 in
1835 1156 2000 1205 omni-

165 1241 261 1288 bus
299 1238 446 1288 bellis
483 1238 734 1302 singulari
771 1237 1127 1301 ejus-ope1·a³¹⁴
1153 1236 1323 1284 fuerat
1359 1251 1499 1293 usus,
1527 1234 1784 1298 majorum
1820 1233 1998 1282 locum

165 1316 472 1365 restituerat.
545 1306 971 1378 Te1·tiuni³'⁵⁷Jam
997 1313 1197 1361 hunc³¹⁶
1224 1328 1425 1360 annum
1462 1315 1769 1375 regnantem
1798 1308 2000 1358 inimici

165 1392 349 1441 multis
385 1392 553 1456 palam
582 1408 642 1440 ex
669 1391 878 1439 civitate
905 1389 1263 1438 auctoribus³¹⁷
1288 1388 1678 1436 interfecerunt.
1751 1386 2000 1435 Defertur

166 1485 224 1518 ea
248 1484 325 1516 res
354 1469 417 1516 ad
441 1468 723 1517 Caesarem.
782 1467 876 1514 Ille
897 1465 1168 1527 ve1¹itus,³¹⁸
1188 1465 1323 1528 quod
1350 1464 1413 1512 ad
1440 1463 1668 1527 pliu·es³¹⁹
1689 1462 1997 1526 pertinebat,

166 1562 231 1594 ne
257 1545 439 1595 civitas
466 1561 644 1592 eorum
680 1543 911 1606 impulsu
949 1534 1202 1600 deficeret,
1232 1540 1458 1588 Lucium
1496 1540 1752 1587 Plancum
1779 1554 1900 1586 cum
1924 1538 1996 1586 le-

166 1623 318 1686 gione
358 1638 418 1670 ex
459 1621 638 1685 Belgio
678 1611 910 1668 celeriter
947 1618 1003 1667 in
1043 1618 1295 1666 Carnutes
1333 1615 1590 1680 proficisci
1634 1615 1785 1679 jubet
1825 1615 2001 1678 ibique

165 1699 423 1758 hiemare3
471 1712 796 1761 quorumque
831 1711 983 1759 opera
1004 1692 1382 1758 ‘cognove1·at³²⁰
1417 1691 1722 1756 Tasgetium
1758 1691 1999 1739 interfec-

166 1776 298 1833 tum,
319 1773 466 1822 hos³²¹
491 1771 943 1837 comprehensos³²²
964 1769 1103 1819 adse
1130 1769 1351 1817 mittere.
1422 1768 1642 1816 Interim
1667 1768 1729 1815 ab
1756 1767 2000 1824 omnibus

166 1852 349 1916 legatis
376 1850 851 1914 quaestoribusque,
878 1847 1068 1912 quibus
1104 1846 1332 1911 legiones
1359 1844 1658 1903 tradiderat,
1686 1843 1874 1891 certior
1898 1844 2000 1891 fac-

166 1930 252 1976 tus
269 1931 343 1976 est
365 1927 419 1974 in
435 1926 654 1974 hiberna
668 1924 1034 1989 perventum³²3
1050 1924 1325 1986 locumque
1345 1920 1574 1969 hibernis
1591 1935 1696 1968 esse
1714 1920 2000 1968 munitum.

222 2038 276 2060 ⁸⁰⁸
295 2038 482 2088 Inopiae
524 2036 727 2077 mederi:
775 2036 980 2085 Mederi,
1003 2040 1061 2081 rto

168 2095 344 2143 ‘remedy
364 2093 477 2138 (take
498 2103 718 2131 ‘measzw‘es
734 2090 845 2142 sor),
869 2102 1061 2142 governs

168 2147 245 2186 the
266 2147 426 2185 dative.
481 2146 542 2185 -G.
564 2147 657 2192 345,
678 2146 727 2184 R.
751 2146 787 2184 2.
926 2191 930 2193 ‚

223 2201 276 2221 ³⁰⁹
300 2199 495 2239 Mederi
509 2211 644 2249 posse
663 2214 671 2239 :
704 2201 763 2237 As
784 2196 960 2235 mederi
979 2197 1061 2235 has

168 2268 225 2294 no
248 2256 418 2301 future,
442 2253 622 2292 mederi
648 2264 783 2302 posse
813 2253 850 2290 is
877 2251 983 2290 used
1013 2263 1061 2290 as

168 2322 194 2347 a
214 2309 324 2348 kind
345 2309 393 2347 of
413 2308 712 2359 periphrastic
732 2306 897 2357 (Greek
919 2304 1062 2343 infini-

169 2364 261 2402 tive
293 2362 379 2400 and
410 2355 515 2411 ἄν),
539 2361 646 2399 468.
704 2361 754 2401 G.
780 2360 874 2406 240,
896 2359 946 2398 R.
968 2360 1005 2398 3.

224 2416 273 2437 ³¹⁰
297 2416 495 2455 Mflibus
529 2426 774 2465 passuum:
822 2414 867 2453 C.
899 2414 959 2460 ii.‚
987 2414 1062 2450 41.

224 2524 278 2545 311
297 2524 463 2572 Quoad
482 2522 782 2572 cognovisset
800 2535 809 2561 ε
840 2520 935 2559 The
961 2520 1063 2560 sub-

170 2579 372 2630 junctive
394 2578 440 2615 in
460 2577 506 2617 Ο.
523 2577 572 2616 Ο.
596 2576 767 2626 (quoad
782 2585 1065 2625 cognovero-

170 2632 413 2678 morabor).
471 2632 520 2670 G.
542 2631 633 2671 573.

226 2685 362 2724 XXV.
385 2684 434 2704 ³¹²
455 2685 639 2723 Summo
657 2684 763 2722 loco
782 2685 933 2721 natus:
963 2681 1066 2720 Par·

171 2741 246 2778 tici
254 2739 348 2789 ples
369 2738 518 2776 which
539 2738 700 2777 denote
720 2737 841 2775 birth
861 2736 967 2774 take
988 2734 1065 2773 the

171 2794 368 2832 ablative
388 2793 436 2830 ot'
461 2792 606 2843 origin
628 2791 737 2829 with
759 2792 808 2840 (c.
832 2790 937 2835 xiv.,
958 2789 1066 2835 217)

172 2859 220 2885 or
242 2846 433 2884 without
461 2845 538 2884 the
569 2845 865 2896 prepositions
887 2853 949 2881 ex
976 2841 1066 2880 and

174 2901 248 2937 de.
306 2900 356 2938 G.
380 2900 470 2939 395.
902 2919 904 2921 ·

228 2953 278 2973 ³¹³
302 2952 631 2992 obtinuerant:
689 2950 733 2991 C.
765 2951 826 2998 ii„
866 2949 940 2989 37.
1015 2949 1066 2988 G.

229 3060 278 3081 ²⁵¹⁴
302 3061 458 3111 Opera
476 3071 584 3098 usus
605 3073 614 3099 :
644 3059 690 3099 G.
707 3059 750 3106 i.,
773 3058 844 3096 15.
900 3057 950 3097 G.
973 3056 1065 3096 405.

229 3113 279 3134 ³¹⁵
302 3115 511 3154 Tertium
539 3114 663 3151 hunc
693 3122 860 3150 annum
879 3122 1069 3160 regnan-

1103 2034 1171 2097 7323
1190 2035 1329 2084 reign.
1387 2032 1456 2073 He
1477 2033 1566 2072 had
1594 2032 1693 2071 been
1713 2031 1919 2082 reiyniny
1935 2043 1998 2082 90-

1103 2086 1910 2191 ’11113913οἔἒὲἰίθὲ’ἵζίὲἒέῒὶαἳῇῃόὓιθτε
1926 2148 1991 2175 re·

1099 2197 1168 2236 fer
1188 2201 1233 2235 to
1254 2208 1434 2235 annum.
1496 2196 1546 2235 G.
1573 2194 1667 2240 290,
1691 2194 1730 2233 5.

1108 2304 1116 2313 .
1157 2247 1417 2313 ¹³¹⁷·1nimici
1464 2245 1729 2285 auctoribus
1756 2258 1765 2285 :
1825 2243 2002 2290 Others,

1103 2315 1317 2342 immicis.

1106 2411 1145 2451 R
1160 2356 1210 2377 ³¹²
1228 2356 1421 2395 Veritus
1440 2368 1449 2395 :
1479 2354 1525 2395 C.
1546 2354 1638 2401 vii„
1661 2351 1764 2391 123.
1831 2351 1883 2392 G.
1904 2351 1999 2398 278.

1161 2464 1210 2485 ³¹⁹
1234 2462 1642 2502 Plureszmultos.
1662 2471 1665 2473 ·

1161 2518 1215 2538 ³²⁰
1239 2518 1547 2567 Cognoverat,
1596 2518 1673 2553 not
1719 2512 2004 2564 cognoverit.

1108 2573 1269 2612 Caesar
1289 2571 1421 2609 knew
1443 2571 1545 2608 who
1565 2569 1674 2619 they
1696 2580 1824 2607 were.
1885 2567 2004 2615 Cog-

1107 2624 1294 2664 noverit
1314 2625 1464 2663 would
1484 2625 1611 2663 leave
1633 2622 1708 2661 the
1730 2621 1904 2671 finding
1924 2623 2004 2658 out

1107 2685 1154 2719 to
1175 2680 1384 2725 Plancus,
1405 2690 1438 2717 c.
1462 2691 1520 2724 x„
1545 2677 1651 2715 170.
1708 2676 1759 2714 G.
1781 2675 1874 2720 630,
1895 2674 1943 2712 R.
1967 2673 2003 2712 1.

1163 2733 1211 2754 ³²¹
1231 2734 1350 2771 Hos:
1382 2732 1489 2771 Less
1512 2730 1644 2769 usual
1674 2728 1937 2767 antecedent
1957 2725 2007 2766 os

1109 2787 1186 2826 the
1208 2787 1409 2833 relative,
1429 2786 1531 2824 501.
1588 2784 1639 2823 G.
1667 2783 1758 2822 620.

1164 2840 1212 2861 ³²²
1234 2840 1607 2889 Comprehensos
1641 2837 1837 2885 mittere,
1868 2837 1909 2874 to
1937 2844 2007 2873 ar-

1109 2899 1195 2935 rest
1216 2904 1317 2932 ΛΝΒ
1338 2894 1457 2940 send,
1477 2905 1502 2930 a
1523 2892 1788 2931 convenient
1817 2887 2005 2926 transla-

1110 2950 1219 2995 tion,
1245 2948 1326 2986 but
1355 2952 1432 2986 not
1461 2946 1636 2995 strictly
1665 2945 1712 2982 in
1742 2941 2006 2980 accordanco

1112 3001 1224 3041 with
1243 3001 1321 3040 the
1343 3000 1615 3050 conception,
1637 3010 1670 3037 c.
1697 2997 1769 3043 vi„
1792 2994 1896 3033 109.
1953 2993 2004 3033 G.

1112 3057 1206 3102 667,
1226 3055 1276 3093 R.
1300 3055 1337 3094 2.

1168 3109 1217 3129 ³²³
1239 3109 1549 3147 Perventum:
1575 3105 1641 3143 On
1656 3103 1747 3142 this
1768 3102 2001 3153 imperson-

177 3173 291 3209 tem:
326 3168 434 3209 This
452 3179 536 3208 was
555 3179 648 3207 now
669 3165 878 3207 chethim
895 3176 1005 3217 year
1024 3165 1077 3216 of
1112 3164 1157 3203 al
1178 3175 1257 3203 use
1278 3174 1352 3203 see
1374 3173 1408 3201 c.
1430 3161 1537 3208 viii„
1565 3159 1668 3196 141.
