2243 3465
705 182 777 218 DE
810 170 996 216 G‘Esrrs
1034 167 1389 214 ALEXANDRI.
1900 163 1962 212 '75

204 320 278 367 61.
313 317 549 367 Ventum
591 317 666 365 est
708 314 894 363 deinde
932 302 1237 376 *Persagadzn
1307 308 1614 373 Sepulcrum
1654 306 1788 370 Cyri,
1826 305 1965 370 quod

135 393 209 444 ibi
242 396 366 453 erat,
393 393 688 442 Alexander
719 390 875 455 jussit
911 388 1109 453 aperiri.
1182 387 1328 434 Auro
1355 387 1673 449 argentoque
1709 383 1963 446 repletum

132 487 239 520 esse
265 469 605 527 crediderant,
627 468 710 515 sed
738 468 936 531 praeter
962 465 1184 528 clipeum
1214 463 1324 526 ejus
1348 467 1555 525 putrem
1584 463 1634 508 et
1659 474 1807 507 arcus
1834 458 1963 505 duos

135 547 403 612 Scythicos
446 549 497 594 et
539 545 797 593 acinacem
837 541 968 589 nihil
1015 539 1254 604 repperit.
1325 537 1635 596 Alexander,
1681 534 1966 584 senioribus

134 624 367 672 militum
405 622 461 669 in
499 621 722 685 patriam.
762 617 1001 683 remissis,
1028 615 1273 664 tredecim
1314 614 1460 661 milia
1494 612 1748 676 peditum¹
1777 613 1827 657 et
1863 611 1966 657 duo

134 700 280 748 milia
305 699 556 763 equitum,
583 713 710 760 quae
748 695 797 742 in
828 693 953 742 Asia
985 691 1266 749 retineret,²
1292 689 1413 754 eligi
1446 689 1618 753 jussit,
1645 687 1963 743 existimans,

137 776 337 824 modico
386 774 616 823 exercitu
666 770 920 820 contineri
959 785 1106 833 posse
1148 768 1345 825 Asiam,
1388 766 1511 830 quia
1555 764 1794 828 pluribus
1841 762 1966 810 locis

135 851 387 915 praesidia
406 847 756 913 disposuisset?
777 861 1043 911 nuperque
1064 844 1300 893 conditas
1323 843 1472 891 urbes
1493 842 1688 890 colonis
1709 840 1967 903 replesset,

84 994 87 996 ‚
135 944 215 977 res
249 942 438 976 novare
475 941 582 974 non
619 923 966 988 cupientibus.
1045 921 1289 970 Ceterum
1321 922 1380 967 ut
1415 919 1687 983 cognitum
1724 920 1814 974 est,
1842 914 1969 964 alios

134 1003 332 1053 remitti
369 1001 583 1063 domos‚⁴
609 1001 734 1049 alios
774 998 998 1058 retineri,
1029 1000 1331 1062 perpetuam
1367 1011 1486 1043 eum
1523 997 1669 1058 regni
1705 993 1876 1041 sedem
1914 993 1968 1038 in

132 1081 263 1130 *Asia
285 1079 592 1128 habiturum
618 1077 732 1136 rati,
759 1075 1060 1138 disciplinae
1086 1073 1327 1121 militaris
1362 1073 1689 1119 immemores
1715 1068 1970 1117 seditiosis

114 1157 353 1206 vVocibus
389 1157 557 1204 castra
592 1153 870 1217 complent,
896 1166 1170 1215 regemque
1202 1149 1424 1197 ferocius
1450 1162 1605 1211 quam
1643 1145 1768 1193 alias
1804 1144 1970 1192 adorti

138 1249 317 1284 omnes
360 1232 516 1282 simul
557 1229 857 1278 missionem
897 1226 1160 1291 postulare
1203 1225 1500 1288 coeperunt,
1525 1221 1696 1286 palam
1739 1220 1971 1284 professi,

139 1326 401 1375 nusquam
436 1307 559 1356 inde
594 1306 716 1355 nisi⁵
742 1305 796 1353 in
831 1305 1055 1368 patriam
1091 1301 1370 1365 vestigium
1404 1314 1508 1348 esse
1545 1301 1792 1346 moturos.
1860 1296 1972 1344 Nec

136 1388 246 1455 jam
281 1383 648 1452 precibus,‘sed
685 1381 918 1430 convicio
955 1380 1192 1444 agebant,
1225 1378 1467 1442 jubentes
1503 1391 1622 1423 eum
1660 1373 1825 1422 solum
1851 1387 1972 1421 cum
2039 1420 2050 1428 ,

140 1473 284 1530 patre
306 1478 397 1512 suo
419 1461 714 1510 Hammone
733 1458 866 1505 inire
885 1456 1035 1515 bella,
1055 1455 1299 1519 quoniam
1318 1452 1510 1501 milites
1536 1466 1654 1499 suos
1678 1447 1972 1498 fastidiret.⁸

143 1541 336 1591 Contra
359 1539 445 1587 ille
469 1552 613 1585 nunc
639 1533 908 1598 castigare‘3
933 1533 1141 1590 milites,
1163 1545 1307 1578 nunc
1331 1529 1538 1578 lenibus
1556 1526 1726 1577 verbis
1750 1540 1972 1584 monere,

141 1633 208 1667 ne
248 1615 521 1681 gloriosam
565 1610 809 1660 militiam
854 1609 1196 1658 seditionibus
1235 1606 1570 1654 infuscarent.
1652 1602 1738 1650 Ad
1777 1604 1974 1664 postre-

143 1709 305 1752 mum,
343 1708 462 1741 cum
505 1688 672 1738 verbis
714 1686 848 1735 nihil
894 1686 1178 1749 proficeret,
1214 1700 1240 1732 e
1283 1681 1537 1730 tribunali
1578 1679 1633 1727 in
1676 1678 1975 1727 contionem

146 1772 399 1820 armatam
447 1764 659 1815 inermis
704 1763 812 1828 ipse
849 1761 1061 1811 desiluit
1098 1763 1149 1808 et
1183 1758 1350 1808 nullo⁷
1385 1756 1692 1822 prohibente
1730 1753 1976 1802 tredecim

145 1845 416 1896 seditionis
452 1845 686 1892 auctores
710 1855 871 1888 manu
898 1854 988 1887 sua
1016 1839 1275 1900 correptos
1310 1834 1376 1883 ad
1413 1832 1727 1896 supplicium
1753 1829 1979 1879 custodi-

145 1924 243 1972 bus
263 1920 490 1985 corporis
514 1917 747 1966 tradidit.
816 1915 946 1964 Inde
967 1913 1240 1977 separatim
1265 1910 1459 1960 auxilia
1485 1910 1758 1957 Persarum
1782 1907 1836 1954 in
1859 1922 1977 1955 con-

145 1999 288 2049 tione
313 1995 612 2060 alloquitur.
689 1993 895 2042 Laudat
920 1992 1222 2054 perpetuam
1248 1988 1459 2035 illorum
1486 2001 1605 2033 cum
1631 1983 1684 2031 in
1713 1999 1763 2032 se
1783 1987 1895 2031 tum
1921 1983 1978 2030 in

147 2079 394 2144 pristinos
419 2091 562 2139 reges
585 2074 771 2133 fidem;
808 2086 952 2119 nunc
977 2085 1192 2134 quoque,
1220 2067 1307 2127 ait,
1333 2066 1620 2115 custodiam
1647 2063 1872 2125 corporis
1898 2060 1978 2109 sui

148 2171 256 2204 non
300 2150 673 2202 Macedonibus
716 2152 926 2196 tantum
970 2161 1035 2205 se,
1072 2161 1253 2194 verum
1291 2142 1448 2191 etiam
1489 2141 1593 2189 illis
1635 2139 1972 2188 crediturum.

135 2233 325 2294 'At-que
360 2230 434 2277 ita
468 2227 610 2275 mille
635 2242 695 2274 ex
738 2224 820 2273 his
857 2224 1073 2288 juvenes
1115 2223 1169 2269 in
1214 2234 1494 2268 numerum
1519 2216 1806 2266 satellitum
1830 2213 1972 2278 legit.

151 2308 319 2368 Quam
346 2321 455 2354 rem
480 2319 626 2367 aegre
653 2300 961 2349 Macedones
986 2298 1236 2346 tulerunt.

219 2387 292 2433 62.
338 2382 548 2431 Postero
591 2378 672 2426 die
714 2392 835 2426 cum
874 2375 1277 2439 prohiberentur
1318 2370 1499 2429 aditu,¹
1543 2366 1785 2417 Asiaticis
1827 2365 1980 2414 modo

137 2460 408 2509 'militibus
450 2454 699 2512 admissis,
726 2453 1002 2517 lugubrem
1046 2451 1170 2498 totis
1213 2447 1410 2497 castris²
1448 2446 1650 2495 edidere
1687 2445 1981 2500 clamorem,

154 2535 524 2586 denuntiantes
565 2530 805 2596 protinus
830 2544 880 2576 se
905 2527 1200 2584 morituros,
1227 2524 1268 2573 si
1304 2540 1391 2572 rex
1425 2519 1788 2586 persevei·aret⁸
1817 2518 1978 2567 irasci.

156 2613 392 2676 Cumque
439 2609 545 2657 dies
591 2610 868 2668 noctesque
916 2605 1036 2652 ante
1083 2601 1277 2666 regiam
1323 2599 1656 2663 persistentes
1702 2593 1983 2644 miserabili

155 2691 379 2740 clamore
412 2684 699 2747 habituque
735 2679 1109 2745 paenitentiam
1147 2693 1294 2725 suam
1331 2675 1692 2738 approbarent,
1721 2672 1876 2719 tert-io
1903 2670 1984 2717 die

156 2782 244 2815 rex
271 2764 442 2813 victus
479 2757 770 2809 constantia
807 2755 1103 2819 supplicum
1137 2751 1399 2817 processit,
1424 2751 1763 2812 incusataque
1799 2746 1986 2794 leniter

157 2840 414 2891 exercitus
453 2833 793 2891 immodestia,
836 2848 937 2880 non
985 2831 1093 2879 sine
1135 2828 1317 2877 multis
1355 2826 1619 2889 utrimque
1660 2822 1887 2872 lacrimis
1928 2821 1984 2868 in

160 2918 379 2981 gratiam
424 2930 473 2962 se
511 2927 632 2960 cum
671 2909 795 2973 ipsis
835 2907 999 2955 redire
1039 2906 1296 2969 professus
1338 2906 1426 2951 est.
1496 2904 1574 2949 Ita
1614 2916 1769 2962 supra
1810 2897 1985 2945 decem

163 2996 522 3055 veteranorum
552 2986 698 3036 milia
733 2984 944 3033 dimissa
979 2984 1116 3041 sunt,
1142 2996 1270 3046 quos
1297 2978 1538 3029 Craterus
1572 2976 1799 3026 deduxit.
1876 2973 1986 3020 Lit-

223 3111 302 3146 61.
328 3110 342 3133 ¹
358 3110 432 3144 308.
489 3108 506 3130 ²
522 3108 595 3141 632.
652 3105 669 3128 ⁸
684 3104 756 3138 541.
815 3104 832 3126 ⁴
847 3103 920 3136 410.
978 3101 995 3124 ⁶
1010 3101 1084 3142 592,
1101 3101 1131 3134 2.
1192 3100 1207 3122 ⁶
1223 3100 1296 3133 650.
1341 3098 1357 3121 ⁷
1374 3099 1446 3132 304.
1626 3094 1705 3130 62.
1732 3094 1744 3115 ¹
1763 3094 1834 3127 388.
1878 3092 1894 3114 ²
1911 3091 1985 3126 3343.

161 3161 178 3186 ⁸
195 3163 269 3204 660.
283 3163 316 3196 2.
1231 3159 1233 3162 ⁴
