<?xml version="1.0" encoding="UTF-8"?>
<!DOCTYPE html PUBLIC "-//W3C//DTD XHTML 1.0 Transitional//EN"
    "http://www.w3.org/TR/xhtml1/DTD/xhtml1-transitional.dtd">
<html xmlns="http://www.w3.org/1999/xhtml" xml:lang="en" lang="en">
 <head>
  <title>
</title>
<meta http-equiv="Content-Type" content="text/html;charset=utf-8" />
  <meta name='ocr-system' content='tesseract 3.04.00' />
  <meta name='ocr-capabilities' content='ocr_page ocr_carea ocr_par ocr_line ocrx_word'/>
</head>
<body>
  <div class='ocr_page' id='page_1' title='image "./latinreaderwithr00gildrich_0067.png"; bbox 0 0 2243 3465; ppageno 0'>
   <div class='ocr_carea' id='block_1_1' title="bbox 731 121 1980 176">
    <p class='ocr_par' dir='ltr' id='par_1_1' title="bbox 731 121 1980 176">
     <span class='ocr_line' id='line_1_1' title="bbox 731 121 1980 176; baseline -0.007 0"><span class='ocrx_word' id='word_1_1' title='bbox 731 140 804 176; x_wconf 80' lang='lat' dir='ltr'>DE</span> <span class='ocrx_word' id='word_1_2' title='bbox 840 138 1022 176; x_wconf 82' lang='lat' dir='ltr'>GESTIS</span> <span class='ocrx_word' id='word_1_3' title='bbox 1057 136 1408 173; x_wconf 81' lang='lat' dir='ltr'>ALEXANDRI.</span> <span class='ocrx_word' id='word_1_4' title='bbox 1920 121 1980 167; x_wconf 85' lang='grc'>59</span> 
     </span>
    </p>
   </div>
   <div class='ocr_carea' id='block_1_2' title="bbox 153 265 2001 2984">
    <p class='ocr_par' dir='ltr' id='par_1_2' title="bbox 153 265 1991 1389">
     <span class='ocr_line' id='line_1_2' title="bbox 154 265 1983 340; baseline -0.008 -16"><span class='ocrx_word' id='word_1_5' title='bbox 154 274 239 324; x_wconf 80' lang='lat' dir='ltr'>dio</span> <span class='ocrx_word' id='word_1_6' title='bbox 275 274 466 340; x_wconf 76' lang='lat' dir='ltr'>gloriae</span> <span class='ocrx_word' id='word_1_7' title='bbox 499 274 664 339; x_wconf 85' lang='lat' dir='ltr'>spatio</span> <span class='ocrx_word' id='word_1_8' title='bbox 688 271 914 322; x_wconf 85' lang='lat' dir='ltr'>revocari</span> <span class='ocrx_word' id='word_1_9' title='bbox 953 287 1002 320; x_wconf 90' lang='lat' dir='ltr'>se</span> <span class='ocrx_word' id='word_1_10' title='bbox 1027 270 1329 333; x_wconf 81' lang='lat' dir='ltr'>victumque</span> <span class='ocrx_word' id='word_1_11' title='bbox 1365 265 1527 330; x_wconf 84' lang='lat' dir='ltr'>magis</span> <span class='ocrx_word' id='word_1_12' title='bbox 1553 279 1710 329; x_wconf 85' lang='lat' dir='ltr'>quam</span> <span class='ocrx_word' id='word_1_13' title='bbox 1735 265 1983 311; x_wconf 85' lang='lat' dir='ltr'>victorem</span> 
     </span>
     <span class='ocr_line' id='line_1_3' title="bbox 153 340 1983 415; baseline -0.009 -15"><span class='ocrx_word' id='word_1_14' title='bbox 153 351 205 399; x_wconf 91' lang='lat' dir='ltr'>in</span> <span class='ocrx_word' id='word_1_15' title='bbox 244 351 467 415; x_wconf 86' lang='lat' dir='ltr'>patriam</span> <span class='ocrx_word' id='word_1_16' title='bbox 503 351 813 408; x_wconf 89' lang='lat' dir='ltr'>rediturum,</span> <span class='ocrx_word' id='word_1_17' title='bbox 840 350 1153 411; x_wconf 79' lang='lat' dir='ltr'>conquestus</span> <span class='ocrx_word' id='word_1_18' title='bbox 1178 350 1268 393; x_wconf 87' lang='lat' dir='ltr'>est.</span> <span class='ocrx_word' id='word_1_19' title='bbox 1338 344 1471 391; x_wconf 75' lang='lat' dir='ltr'>Tum</span> <span class='ocrx_word' id='word_1_20' title='bbox 1502 358 1620 389; x_wconf 79' lang='lat' dir='ltr'>vcro</span> <span class='ocrx_word' id='word_1_21' title='bbox 1646 356 1739 403; x_wconf 88' lang='lat' dir='ltr'>pro</span> <span class='ocrx_word' id='word_1_22' title='bbox 1774 354 1824 387; x_wconf 90' lang='lat' dir='ltr'>se</span> <span class='ocrx_word' id='word_1_23' title='bbox 1849 340 1983 401; x_wconf 85' lang='lat' dir='ltr'>quis-</span> 
     </span>
     <span class='ocr_line' id='line_1_4' title="bbox 154 415 1985 491; baseline -0.008 -16"><span class='ocrx_word' id='word_1_24' title='bbox 154 427 271 491; x_wconf 73' lang='lat' dir='ltr'>que‘</span> <span class='ocrx_word' id='word_1_25' title='bbox 298 443 504 491; x_wconf 81' lang='lat' dir='ltr'>operam</span> <span class='ocrx_word' id='word_1_26' title='bbox 540 443 685 476; x_wconf 85' lang='lat' dir='ltr'>suam</span> <span class='ocrx_word' id='word_1_27' title='bbox 720 424 931 483; x_wconf 87' lang='lat' dir='ltr'>offerre,⁷</span> <span class='ocrx_word' id='word_1_28' title='bbox 960 422 1270 471; x_wconf 88' lang='lat' dir='ltr'>difficillima</span> <span class='ocrx_word' id='word_1_29' title='bbox 1306 417 1556 483; x_wconf 76' lang='lat' dir='ltr'>quaeque⁸</span> <span class='ocrx_word' id='word_1_30' title='bbox 1581 431 1802 480; x_wconf 90' lang='lat' dir='ltr'>poscere,</span> <span class='ocrx_word' id='word_1_31' title='bbox 1840 415 1985 477; x_wconf 90' lang='lat' dir='ltr'>polli-</span> 
     </span>
     <span class='ocr_line' id='line_1_5' title="bbox 155 491 1986 567; baseline -0.008 -15"><span class='ocrx_word' id='word_1_32' title='bbox 155 503 257 551; x_wconf 89' lang='lat' dir='ltr'>ceri</span> <span class='ocrx_word' id='word_1_33' title='bbox 294 503 525 551; x_wconf 90' lang='lat' dir='ltr'>militum</span> <span class='ocrx_word' id='word_1_34' title='bbox 551 517 754 567; x_wconf 89' lang='lat' dir='ltr'>quoque</span> <span class='ocrx_word' id='word_1_35' title='bbox 779 499 1096 563; x_wconf 77' lang='lat' dir='ltr'><strong>obsequium,</strong></span> <span class='ocrx_word' id='word_1_36' title='bbox 1125 498 1165 546; x_wconf 93' lang='lat' dir='ltr'>si</span> <span class='ocrx_word' id='word_1_37' title='bbox 1203 497 1403 545; x_wconf 90' lang='lat' dir='ltr'>animos</span> <span class='ocrx_word' id='word_1_38' title='bbox 1429 510 1607 543; x_wconf 87' lang='lat' dir='ltr'>eorum</span> <span class='ocrx_word' id='word_1_39' title='bbox 1642 491 1748 540; x_wconf 88' lang='lat' dir='ltr'>leni</span> <span class='ocrx_word' id='word_1_40' title='bbox 1779 496 1830 539; x_wconf 91' lang='lat' dir='ltr'>et</span> <span class='ocrx_word' id='word_1_41' title='bbox 1866 496 1986 553; x_wconf 87' lang='lat' dir='ltr'>apta</span> 
     </span>
     <span class='ocr_line' id='line_1_6' title="bbox 154 567 1985 642; baseline -0.008 -14"><span class='ocrx_word' id='word_1_42' title='bbox 154 579 385 627; x_wconf 88' lang='lat' dir='ltr'>oratione</span> <span class='ocrx_word' id='word_1_43' title='bbox 408 579 727 642; x_wconf 79' lang='lat' dir='ltr'>permulcere</span> <span class='ocrx_word' id='word_1_44' title='bbox 753 575 1034 624; x_wconf 84' lang='lat' dir='ltr'>voluisset.⁹</span> <span class='ocrx_word' id='word_1_45' title='bbox 1100 574 1183 621; x_wconf 88' lang='lat' dir='ltr'>Ita</span> <span class='ocrx_word' id='word_1_46' title='bbox 1207 589 1257 621; x_wconf 90' lang='lat' dir='ltr'>se</span> <span class='ocrx_word' id='word_1_47' title='bbox 1283 573 1548 620; x_wconf 82' lang='lat' dir='ltr'>facturum</span> <span class='ocrx_word' id='word_1_48' title='bbox 1574 584 1678 616; x_wconf 91' lang='lat' dir='ltr'>esse</span> <span class='ocrx_word' id='word_1_49' title='bbox 1706 567 1985 630; x_wconf 73' lang='lat' dir='ltr'>respondit.</span> 
     </span>
     <span class='ocr_line' id='line_1_7' title="bbox 157 644 1983 714; baseline -0.008 -10"><span class='ocrx_word' id='word_1_50' title='bbox 157 655 372 704; x_wconf 80' lang='lat' dir='ltr'>Summa</span> <span class='ocrx_word' id='word_1_51' title='bbox 392 654 622 702; x_wconf 91' lang='lat' dir='ltr'>militum</span> <span class='ocrx_word' id='word_1_52' title='bbox 642 652 921 711; x_wconf 75' lang='lat' dir='ltr'>alacritate,</span> <span class='ocrx_word' id='word_1_53' title='bbox 937 649 1254 714; x_wconf 86' lang='lat' dir='ltr'>jubentium,</span> <span class='ocrx_word' id='word_1_54' title='bbox 1271 661 1580 712; x_wconf 89' lang='lat' dir='ltr'>quocunque</span> <span class='ocrx_word' id='word_1_55' title='bbox 1597 644 1765 702; x_wconf 84' lang='lat' dir='ltr'>vellet,</span> <span class='ocrx_word' id='word_1_56' title='bbox 1782 644 1983 702; x_wconf 83' lang='lat' dir='ltr'>ducere,</span> 
     </span>
     <span class='ocr_line' id='line_1_8' title="bbox 155 719 1988 794; baseline -0.007 -16"><span class='ocrx_word' id='word_1_57' title='bbox 155 732 320 780; x_wconf 84' lang='lat' dir='ltr'>oratio</span> <span class='ocrx_word' id='word_1_58' title='bbox 346 733 560 794; x_wconf 87' lang='lat' dir='ltr'>excepta</span> <span class='ocrx_word' id='word_1_59' title='bbox 584 732 673 778; x_wconf 88' lang='lat' dir='ltr'>est.</span> <span class='ocrx_word' id='word_1_60' title='bbox 735 728 847 776; x_wconf 88' lang='lat' dir='ltr'>Nec</span> <span class='ocrx_word' id='word_1_61' title='bbox 874 743 961 775; x_wconf 82' lang='lat' dir='ltr'>rex</span> <span class='ocrx_word' id='word_1_62' title='bbox 989 728 1220 774; x_wconf 91' lang='lat' dir='ltr'>moratus</span> <span class='ocrx_word' id='word_1_63' title='bbox 1246 725 1518 787; x_wconf 88' lang='lat' dir='ltr'>impetum,</span> <span class='ocrx_word' id='word_1_64' title='bbox 1545 721 1610 770; x_wconf 89' lang='lat' dir='ltr'>ad</span> <span class='ocrx_word' id='word_1_65' title='bbox 1635 721 1764 768; x_wconf 90' lang='lat' dir='ltr'>fines</span> <span class='ocrx_word' id='word_1_66' title='bbox 1790 719 1988 782; x_wconf 86' lang='lat' dir='ltr'>Hyrca-</span> 
     </span>
     <span class='ocr_line' id='line_1_9' title="bbox 158 794 1986 870; baseline -0.008 -15"><span class='ocrx_word' id='word_1_67' title='bbox 158 807 271 855; x_wconf 86' lang='lat' dir='ltr'>niae</span> <span class='ocrx_word' id='word_1_68' title='bbox 313 808 565 870; x_wconf 88' lang='lat' dir='ltr'>penetrat.</span> <span class='ocrx_word' id='word_1_69' title='bbox 669 804 932 863; x_wconf 82' lang='lat' dir='ltr'>Quadrato</span> <span class='ocrx_word' id='word_1_70' title='bbox 969 801 1176 866; x_wconf 83' lang='lat' dir='ltr'>agmine</span> <span class='ocrx_word' id='word_1_71' title='bbox 1223 800 1346 859; x_wconf 90' lang='lat' dir='ltr'>ibat,</span> <span class='ocrx_word' id='word_1_72' title='bbox 1387 798 1730 862; x_wconf 80' lang='lat' dir='ltr'>speculatores</span> <span class='ocrx_word' id='word_1_73' title='bbox 1768 794 1986 843; x_wconf 82' lang='lat' dir='ltr'>subinde</span> 
     </span>
     <span class='ocr_line' id='line_1_10' title="bbox 155 872 1987 947; baseline -0.007 -16"><span class='ocrx_word' id='word_1_74' title='bbox 155 884 510 947; x_wconf 87' lang='lat' dir='ltr'>praemittens,</span> <span class='ocrx_word' id='word_1_75' title='bbox 549 881 639 945; x_wconf 90' lang='lat' dir='ltr'>qui</span> <span class='ocrx_word' id='word_1_76' title='bbox 676 879 1043 944; x_wconf 80' lang='lat' dir='ltr'>explorarent¹⁰</span> <span class='ocrx_word' id='word_1_77' title='bbox 1079 878 1205 926; x_wconf 87' lang='lat' dir='ltr'>loca.</span> <span class='ocrx_word' id='word_1_78' title='bbox 1274 876 1425 925; x_wconf 86' lang='lat' dir='ltr'>Levis</span> <span class='ocrx_word' id='word_1_79' title='bbox 1461 876 1728 922; x_wconf 88' lang='lat' dir='ltr'>armatura</span> <span class='ocrx_word' id='word_1_80' title='bbox 1762 872 1987 919; x_wconf 87' lang='lat' dir='ltr'>ducebat</span> 
     </span>
     <span class='ocr_line' id='line_1_11' title="bbox 156 945 1987 1023; baseline -0.008 -16"><span class='ocrx_word' id='word_1_81' title='bbox 156 975 357 1023; x_wconf 83' lang='lat' dir='ltr'>agmen,</span> <span class='ocrx_word' id='word_1_82' title='bbox 395 958 626 1021; x_wconf 82' lang='lat' dir='ltr'>phalanx</span> <span class='ocrx_word' id='word_1_83' title='bbox 665 973 777 1005; x_wconf 90' lang='lat' dir='ltr'>eam</span> <span class='ocrx_word' id='word_1_84' title='bbox 818 955 1144 1019; x_wconf 86' lang='lat' dir='ltr'>sequebatur,</span> <span class='ocrx_word' id='word_1_85' title='bbox 1183 957 1299 1018; x_wconf 88' lang='lat' dir='ltr'>post</span> <span class='ocrx_word' id='word_1_86' title='bbox 1336 952 1535 1015; x_wconf 82' lang='lat' dir='ltr'>pedites</span> <span class='ocrx_word' id='word_1_87' title='bbox 1577 951 1725 997; x_wconf 88' lang='lat' dir='ltr'>erant</span> <span class='ocrx_word' id='word_1_88' title='bbox 1770 945 1987 1010; x_wconf 89' lang='lat' dir='ltr'>impedi-</span> 
     </span>
     <span class='ocr_line' id='line_1_12' title="bbox 156 1025 1988 1099; baseline -0.008 -16"><span class='ocrx_word' id='word_1_89' title='bbox 156 1037 348 1083; x_wconf 86' lang='lat' dir='ltr'>menta.</span> <span class='ocrx_word' id='word_1_90' title='bbox 417 1034 488 1083; x_wconf 89' lang='lat' dir='ltr'>Et</span> <span class='ocrx_word' id='word_1_91' title='bbox 523 1049 650 1099; x_wconf 91' lang='lat' dir='ltr'>gens</span> <span class='ocrx_word' id='word_1_92' title='bbox 684 1033 927 1081; x_wconf 90' lang='lat' dir='ltr'>bellicosa</span> <span class='ocrx_word' id='word_1_93' title='bbox 953 1033 1004 1079; x_wconf 91' lang='lat' dir='ltr'>et</span> <span class='ocrx_word' id='word_1_94' title='bbox 1040 1034 1228 1078; x_wconf 87' lang='lat' dir='ltr'>natura</span> <span class='ocrx_word' id='word_1_95' title='bbox 1262 1028 1360 1077; x_wconf 92' lang='lat' dir='ltr'>loci</span> <span class='ocrx_word' id='word_1_96' title='bbox 1385 1025 1612 1075; x_wconf 89' lang='lat' dir='ltr'>difficilis</span> <span class='ocrx_word' id='word_1_97' title='bbox 1637 1025 1783 1073; x_wconf 90' lang='lat' dir='ltr'>aditu</span> <span class='ocrx_word' id='word_1_98' title='bbox 1810 1039 1988 1072; x_wconf 86' lang='lat' dir='ltr'>curam</span> 
     </span>
     <span class='ocr_line' id='line_1_13' title="bbox 157 1100 1989 1175; baseline -0.007 -15"><span class='ocrx_word' id='word_1_99' title='bbox 157 1111 290 1175; x_wconf 90' lang='lat' dir='ltr'>regis</span> <span class='ocrx_word' id='word_1_100' title='bbox 315 1110 626 1159; x_wconf 84' lang='lat' dir='ltr'>intenderat.</span> <span class='ocrx_word' id='word_1_101' title='bbox 695 1109 936 1172; x_wconf 86' lang='lat' dir='ltr'>Namque</span> <span class='ocrx_word' id='word_1_102' title='bbox 971 1110 1221 1171; x_wconf 85' lang='lat' dir='ltr'>perpetua</span> <span class='ocrx_word' id='word_1_103' title='bbox 1244 1104 1393 1154; x_wconf 80' lang='lat' dir='ltr'>vallis</span> <span class='ocrx_word' id='word_1_104' title='bbox 1420 1118 1580 1167; x_wconf 87' lang='lat' dir='ltr'>usque</span> <span class='ocrx_word' id='word_1_105' title='bbox 1607 1101 1672 1149; x_wconf 90' lang='lat' dir='ltr'>ad</span> <span class='ocrx_word' id='word_1_106' title='bbox 1705 1117 1843 1149; x_wconf 88' lang='lat' dir='ltr'>mare</span> <span class='ocrx_word' id='word_1_107' title='bbox 1874 1100 1989 1148; x_wconf 83' lang='lat' dir='ltr'>Oas-</span> 
     </span>
     <span class='ocr_line' id='line_1_14' title="bbox 156 1177 1991 1251; baseline -0.007 -15"><span class='ocrx_word' id='word_1_108' title='bbox 156 1188 304 1251; x_wconf 88' lang='lat' dir='ltr'>pium</span> <span class='ocrx_word' id='word_1_109' title='bbox 341 1190 499 1251; x_wconf 88' lang='lat' dir='ltr'>patet,</span> <span class='ocrx_word' id='word_1_110' title='bbox 547 1187 704 1235; x_wconf 83' lang='lat' dir='ltr'>silvae</span> <span class='ocrx_word' id='word_1_111' title='bbox 753 1184 1103 1232; x_wconf 86' lang='lat' dir='ltr'>imminebant</span> <span class='ocrx_word' id='word_1_112' title='bbox 1137 1183 1496 1243; x_wconf 79' lang='lat' dir='ltr'>torrentesque</span> <span class='ocrx_word' id='word_1_113' title='bbox 1544 1180 1596 1226; x_wconf 92' lang='lat' dir='ltr'>et</span> <span class='ocrx_word' id='word_1_114' title='bbox 1642 1177 1835 1225; x_wconf 89' lang='lat' dir='ltr'>eluvies</span> <span class='ocrx_word' id='word_1_115' title='bbox 1891 1177 1991 1224; x_wconf 90' lang='lat' dir='ltr'>iter</span> 
     </span>
     <span class='ocr_line' id='line_1_15' title="bbox 157 1255 1988 1317; baseline -0.007 -5"><span class='ocrx_word' id='word_1_116' title='bbox 157 1264 512 1312; x_wconf 85' lang='lat' dir='ltr'>morabantur.</span> <span class='ocrx_word' id='word_1_117' title='bbox 580 1261 744 1310; x_wconf 87' lang='lat' dir='ltr'>Nullo</span> <span class='ocrx_word' id='word_1_118' title='bbox 771 1264 945 1310; x_wconf 88' lang='lat' dir='ltr'>tamen</span> <span class='ocrx_word' id='word_1_119' title='bbox 971 1259 1119 1308; x_wconf 90' lang='lat' dir='ltr'>hoste</span> <span class='ocrx_word' id='word_1_120' title='bbox 1145 1259 1294 1307; x_wconf 82' lang='lat' dir='ltr'>obvio</span> <span class='ocrx_word' id='word_1_121' title='bbox 1319 1257 1383 1305; x_wconf 89' lang='lat' dir='ltr'>ad</span> <span class='ocrx_word' id='word_1_122' title='bbox 1408 1255 1657 1304; x_wconf 88' lang='lat' dir='ltr'>ulteriora</span> <span class='ocrx_word' id='word_1_123' title='bbox 1679 1255 1988 1317; x_wconf 83' lang='lat' dir='ltr'>perventum</span> 
     </span>
     <span class='ocr_line' id='line_1_16' title="bbox 159 1344 248 1389; baseline -0.022 0"><span class='ocrx_word' id='word_1_124' title='bbox 159 1344 248 1389; x_wconf 91' lang='lat' dir='ltr'>est.</span> 
     </span>
    </p>

    <p class='ocr_par' dir='ltr' id='par_1_3' title="bbox 158 1405 2001 2984">
     <span class='ocr_line' id='line_1_17' title="bbox 225 1405 1990 1477; baseline -0.007 -13"><span class='ocrx_word' id='word_1_125' title='bbox 225 1418 301 1464; x_wconf 83' lang='lat'>38.</span> <span class='ocrx_word' id='word_1_126' title='bbox 341 1414 645 1463; x_wconf 87' lang='lat' dir='ltr'>Mardorum</span> <span class='ocrx_word' id='word_1_127' title='bbox 686 1414 796 1462; x_wconf 89' lang='lat' dir='ltr'>erat</span> <span class='ocrx_word' id='word_1_128' title='bbox 841 1428 966 1477; x_wconf 91' lang='lat' dir='ltr'>gens</span> <span class='ocrx_word' id='word_1_129' title='bbox 1014 1411 1234 1461; x_wconf 89' lang='lat' dir='ltr'>confinis</span> <span class='ocrx_word' id='word_1_130' title='bbox 1282 1408 1610 1474; x_wconf 83' lang='lat' dir='ltr'>Hyrcaniae,¹</span> <span class='ocrx_word' id='word_1_131' title='bbox 1660 1407 1808 1455; x_wconf 85' lang='lat' dir='ltr'>cultu</span> <span class='ocrx_word' id='word_1_132' title='bbox 1854 1405 1990 1453; x_wconf 84' lang='lat' dir='ltr'>vitae</span> 
     </span>
     <span class='ocr_line' id='line_1_18' title="bbox 159 1482 1990 1555; baseline -0.007 -15"><span class='ocrx_word' id='word_1_133' title='bbox 159 1507 337 1555; x_wconf 88' lang='lat' dir='ltr'>aspera</span> <span class='ocrx_word' id='word_1_134' title='bbox 359 1494 412 1539; x_wconf 89' lang='lat' dir='ltr'>et</span> <span class='ocrx_word' id='word_1_135' title='bbox 435 1489 738 1539; x_wconf 83' lang='lat' dir='ltr'>latrociniis²</span> <span class='ocrx_word' id='word_1_136' title='bbox 760 1493 974 1537; x_wconf 88' lang='lat' dir='ltr'>assueta.</span> <span class='ocrx_word' id='word_1_137' title='bbox 1043 1487 1299 1536; x_wconf 85' lang='lat' dir='ltr'>Interiora</span> <span class='ocrx_word' id='word_1_138' title='bbox 1319 1485 1541 1550; x_wconf 84' lang='lat' dir='ltr'>regionis</span> <span class='ocrx_word' id='word_1_139' title='bbox 1564 1484 1674 1548; x_wconf 83' lang='lat' dir='ltr'>ejus</span> <span class='ocrx_word' id='word_1_140' title='bbox 1699 1482 1842 1531; x_wconf 89' lang='lat' dir='ltr'>haud</span> <span class='ocrx_word' id='word_1_141' title='bbox 1868 1497 1990 1529; x_wconf 87' lang='lat' dir='ltr'>sane</span> 
     </span>
     <span class='ocr_line' id='line_1_19' title="bbox 159 1558 1990 1631; baseline -0.007 -14"><span class='ocrx_word' id='word_1_142' title='bbox 159 1568 289 1617; x_wconf 87' lang='lat' dir='ltr'>adiri</span> <span class='ocrx_word' id='word_1_143' title='bbox 315 1567 424 1616; x_wconf 90' lang='lat' dir='ltr'>sine</span> <span class='ocrx_word' id='word_1_144' title='bbox 448 1583 638 1631; x_wconf 89' lang='lat' dir='ltr'>magna</span> <span class='ocrx_word' id='word_1_145' title='bbox 657 1566 929 1615; x_wconf 81' lang='lat' dir='ltr'>vexatione</span> <span class='ocrx_word' id='word_1_146' title='bbox 954 1563 1211 1612; x_wconf 82' lang='lat' dir='ltr'>exercitus</span> <span class='ocrx_word' id='word_1_147' title='bbox 1235 1564 1492 1626; x_wconf 82' lang='lat' dir='ltr'>poterant.</span> <span class='ocrx_word' id='word_1_148' title='bbox 1562 1561 1704 1624; x_wconf 82' lang='lat' dir='ltr'>Juga</span> <span class='ocrx_word' id='word_1_149' title='bbox 1728 1558 1990 1606; x_wconf 91' lang='lat' dir='ltr'>montium</span> 
     </span>
     <span class='ocr_line' id='line_1_20' title="bbox 158 1635 1992 1708; baseline -0.006 -16"><span class='ocrx_word' id='word_1_150' title='bbox 158 1645 413 1708; x_wconf 85' lang='lat' dir='ltr'>praealtae</span> <span class='ocrx_word' id='word_1_151' title='bbox 450 1643 606 1691; x_wconf 85' lang='lat' dir='ltr'>silvae</span> <span class='ocrx_word' id='word_1_152' title='bbox 641 1657 894 1705; x_wconf 90' lang='lat' dir='ltr'>rupesque</span> <span class='ocrx_word' id='word_1_153' title='bbox 931 1639 1100 1688; x_wconf 86' lang='lat' dir='ltr'>inviae</span> <span class='ocrx_word' id='word_1_154' title='bbox 1137 1639 1405 1702; x_wconf 82' lang='lat' dir='ltr'>saepiunt3</span> <span class='ocrx_word' id='word_1_155' title='bbox 1443 1654 1500 1686; x_wconf 93' lang='lat' dir='ltr'>ea</span> <span class='ocrx_word' id='word_1_156' title='bbox 1523 1653 1654 1701; x_wconf 91' lang='lat' dir='ltr'>quae</span> <span class='ocrx_word' id='word_1_157' title='bbox 1687 1635 1843 1699; x_wconf 89' lang='lat' dir='ltr'>plana</span> <span class='ocrx_word' id='word_1_158' title='bbox 1868 1638 1992 1683; x_wconf 90' lang='lat' dir='ltr'>sunt</span> 
     </span>
     <span class='ocr_line' id='line_1_21' title="bbox 159 1711 1992 1782; baseline -0.005 -14"><span class='ocrx_word' id='word_1_159' title='bbox 159 1736 294 1768; x_wconf 86' lang='lat' dir='ltr'>novo</span> <span class='ocrx_word' id='word_1_160' title='bbox 319 1717 638 1767; x_wconf 82' lang='lat' dir='ltr'>munimenti</span> <span class='ocrx_word' id='word_1_161' title='bbox 674 1733 857 1782; x_wconf 89' lang='lat' dir='ltr'>genere</span> <span class='ocrx_word' id='word_1_162' title='bbox 892 1715 1238 1780; x_wconf 80' lang='lat' dir='ltr'>impedierant</span> <span class='ocrx_word' id='word_1_163' title='bbox 1267 1714 1486 1763; x_wconf 89' lang='lat' dir='ltr'>barbari.</span> <span class='ocrx_word' id='word_1_164' title='bbox 1555 1713 1780 1760; x_wconf 91' lang='lat' dir='ltr'>Arbores</span> <span class='ocrx_word' id='word_1_165' title='bbox 1806 1711 1992 1759; x_wconf 79' lang='lat' dir='ltr'>densae</span> 
     </span>
     <span class='ocr_line' id='line_1_22' title="bbox 159 1787 1991 1856; baseline -0.005 -12"><span class='ocrx_word' id='word_1_166' title='bbox 159 1798 285 1845; x_wconf 89' lang='lat' dir='ltr'>sunt</span> <span class='ocrx_word' id='word_1_167' title='bbox 309 1796 370 1843; x_wconf 91' lang='lat' dir='ltr'>de</span> <span class='ocrx_word' id='word_1_168' title='bbox 395 1794 653 1843; x_wconf 89' lang='lat' dir='ltr'>industria</span> <span class='ocrx_word' id='word_1_169' title='bbox 678 1793 919 1852; x_wconf 86' lang='lat' dir='ltr'>consitae,</span> <span class='ocrx_word' id='word_1_170' title='bbox 947 1808 1170 1856; x_wconf 88' lang='lat' dir='ltr'>quarum</span> <span class='ocrx_word' id='word_1_171' title='bbox 1206 1806 1375 1839; x_wconf 86' lang='lat' dir='ltr'>ramos</span> <span class='ocrx_word' id='word_1_172' title='bbox 1411 1790 1631 1838; x_wconf 74' lang='lat' dir='ltr'>intortos</span> <span class='ocrx_word' id='word_1_173' title='bbox 1663 1803 1838 1840; x_wconf 68' lang='lat' dir='ltr'>rursus</span> <span class='ocrx_word' id='word_1_174' title='bbox 1862 1787 1991 1835; x_wconf 91' lang='lat' dir='ltr'>inse-</span> 
     </span>
     <span class='ocr_line' id='line_1_23' title="bbox 159 1863 1982 1931; baseline -0.005 -11"><span class='ocrx_word' id='word_1_175' title='bbox 159 1875 286 1920; x_wconf 86' lang='lat' dir='ltr'>runt</span> <span class='ocrx_word' id='word_1_176' title='bbox 320 1871 535 1931; x_wconf 75' lang='lat' dir='ltr'>terrae;3</span> <span class='ocrx_word' id='word_1_177' title='bbox 560 1870 683 1918; x_wconf 90' lang='lat' dir='ltr'>inde</span> <span class='ocrx_word' id='word_1_178' title='bbox 708 1870 851 1919; x_wconf 87' lang='lat' dir='ltr'>velut</span> <span class='ocrx_word' id='word_1_179' title='bbox 887 1885 948 1916; x_wconf 76' lang='lat' dir='ltr'>ex</span> <span class='ocrx_word' id='word_1_180' title='bbox 985 1869 1084 1917; x_wconf 85' lang='lat' dir='ltr'>alia</span> <span class='ocrx_word' id='word_1_181' title='bbox 1120 1868 1291 1916; x_wconf 86' lang='lat' dir='ltr'>radice</span> <span class='ocrx_word' id='word_1_182' title='bbox 1326 1866 1560 1914; x_wconf 85' lang='lat' dir='ltr'>laetiores</span> <span class='ocrx_word' id='word_1_183' title='bbox 1586 1865 1757 1914; x_wconf 86' lang='lat' dir='ltr'>virent</span> <span class='ocrx_word' id='word_1_184' title='bbox 1791 1863 1982 1911; x_wconf 89' lang='lat' dir='ltr'>trunci.</span> 
     </span>
     <span class='ocr_line' id='line_1_24' title="bbox 162 1938 1993 2017; baseline -0.006 -21"><span class='ocrx_word' id='word_1_185' title='bbox 162 1948 263 2017; x_wconf 70' lang='lat' dir='ltr'>Qui</span> <span class='ocrx_word' id='word_1_186' title='bbox 284 1949 374 1996; x_wconf 91' lang='lat' dir='ltr'>ubi</span> <span class='ocrx_word' id='word_1_187' title='bbox 396 1947 563 1995; x_wconf 88' lang='lat' dir='ltr'>multa</span> <span class='ocrx_word' id='word_1_188' title='bbox 587 1946 770 1994; x_wconf 84' lang='lat' dir='ltr'>fronde</span> <span class='ocrx_word' id='word_1_189' title='bbox 789 1945 963 1994; x_wconf 87' lang='lat' dir='ltr'>vestiti</span> <span class='ocrx_word' id='word_1_190' title='bbox 990 1947 1128 2006; x_wconf 86' lang='lat' dir='ltr'>sunt,</span> <span class='ocrx_word' id='word_1_191' title='bbox 1148 1943 1341 1992; x_wconf 91' lang='lat' dir='ltr'>occulti</span> <span class='ocrx_word' id='word_1_192' title='bbox 1367 1957 1631 1990; x_wconf 88' lang='lat' dir='ltr'>ramorum</span> <span class='ocrx_word' id='word_1_193' title='bbox 1653 1940 1797 1988; x_wconf 74' lang='lat' dir='ltr'>velut</span> <span class='ocrx_word' id='word_1_194' title='bbox 1822 1938 1993 2002; x_wconf 86' lang='lat' dir='ltr'>laquei</span> 
     </span>
     <span class='ocr_line' id='line_1_25' title="bbox 159 2016 1993 2089; baseline -0.007 -16"><span class='ocrx_word' id='word_1_195' title='bbox 159 2030 409 2089; x_wconf 89' lang='lat' dir='ltr'>perpetua</span> <span class='ocrx_word' id='word_1_196' title='bbox 433 2039 578 2086; x_wconf 87' lang='lat' dir='ltr'>saepe</span> <span class='ocrx_word' id='word_1_197' title='bbox 603 2022 702 2070; x_wconf 91' lang='lat' dir='ltr'>iter</span> <span class='ocrx_word' id='word_1_198' title='bbox 727 2021 995 2070; x_wconf 87' lang='lat' dir='ltr'>claudunt.</span> <span class='ocrx_word' id='word_1_199' title='bbox 1064 2020 1269 2068; x_wconf 86' lang='lat' dir='ltr'>Incolae</span> <span class='ocrx_word' id='word_1_200' title='bbox 1295 2023 1486 2076; x_wconf 87' lang='lat' dir='ltr'>autem,</span> <span class='ocrx_word' id='word_1_201' title='bbox 1507 2017 1612 2065; x_wconf 90' lang='lat' dir='ltr'>ritu</span> <span class='ocrx_word' id='word_1_202' title='bbox 1641 2017 1865 2064; x_wconf 87' lang='lat' dir='ltr'>ferarum</span> <span class='ocrx_word' id='word_1_203' title='bbox 1893 2016 1993 2062; x_wconf 85' lang='lat' dir='ltr'>vir-</span> 
     </span>
     <span class='ocr_line' id='line_1_26' title="bbox 161 2091 1994 2166; baseline -0.007 -17"><span class='ocrx_word' id='word_1_204' title='bbox 161 2102 310 2166; x_wconf 91' lang='lat' dir='ltr'>gulta</span> <span class='ocrx_word' id='word_1_205' title='bbox 357 2100 527 2148; x_wconf 89' lang='lat' dir='ltr'>subire</span> <span class='ocrx_word' id='word_1_206' title='bbox 576 2098 729 2157; x_wconf 87' lang='lat' dir='ltr'>soliti,</span> <span class='ocrx_word' id='word_1_207' title='bbox 778 2097 995 2145; x_wconf 86' lang='lat' dir='ltr'>occultis</span> <span class='ocrx_word' id='word_1_208' title='bbox 1044 2096 1158 2145; x_wconf 91' lang='lat' dir='ltr'>telis</span> <span class='ocrx_word' id='word_1_209' title='bbox 1206 2096 1408 2143; x_wconf 91' lang='lat' dir='ltr'>hostem</span> <span class='ocrx_word' id='word_1_210' title='bbox 1458 2093 1785 2142; x_wconf 86' lang='lat' dir='ltr'>lacessebant.</span> <span class='ocrx_word' id='word_1_211' title='bbox 1896 2091 1994 2138; x_wconf 88' lang='lat' dir='ltr'>Ille</span> 
     </span>
     <span class='ocr_line' id='line_1_27' title="bbox 162 2166 1992 2234; baseline -0.007 -8"><span class='ocrx_word' id='word_1_212' title='bbox 162 2178 468 2228; x_wconf 85' lang='lat' dir='ltr'>venantium</span> <span class='ocrx_word' id='word_1_213' title='bbox 494 2176 648 2223; x_wconf 87' lang='lat' dir='ltr'>modo</span> <span class='ocrx_word' id='word_1_214' title='bbox 668 2174 888 2222; x_wconf 88' lang='lat' dir='ltr'>latibula</span> <span class='ocrx_word' id='word_1_215' title='bbox 914 2178 1177 2222; x_wconf 88' lang='lat' dir='ltr'>scrutatus</span> <span class='ocrx_word' id='word_1_216' title='bbox 1201 2172 1465 2234; x_wconf 88' lang='lat' dir='ltr'>plerosque</span> <span class='ocrx_word' id='word_1_217' title='bbox 1487 2168 1750 2228; x_wconf 83' lang='lat' dir='ltr'>confodit3</span> <span class='ocrx_word' id='word_1_218' title='bbox 1779 2167 1840 2216; x_wconf 88' lang='lat' dir='ltr'>ad</span> <span class='ocrx_word' id='word_1_219' title='bbox 1870 2166 1992 2214; x_wconf 87' lang='lat' dir='ltr'>ulti-</span> 
     </span>
     <span class='ocr_line' id='line_1_28' title="bbox 163 2244 1993 2312; baseline -0.007 -9"><span class='ocrx_word' id='word_1_220' title='bbox 163 2270 311 2303; x_wconf 90' lang='lat' dir='ltr'>mum</span> <span class='ocrx_word' id='word_1_221' title='bbox 337 2251 611 2301; x_wconf 89' lang='lat' dir='ltr'>circumire</span> <span class='ocrx_word' id='word_1_222' title='bbox 637 2251 830 2298; x_wconf 91' lang='lat' dir='ltr'>saltum</span> <span class='ocrx_word' id='word_1_223' title='bbox 866 2249 1058 2297; x_wconf 84' lang='lat' dir='ltr'>milites</span> <span class='ocrx_word' id='word_1_224' title='bbox 1080 2249 1244 2312; x_wconf 84' lang='lat' dir='ltr'>jubet,</span> <span class='ocrx_word' id='word_1_225' title='bbox 1272 2249 1347 2304; x_wconf 87' lang='lat' dir='ltr'>ut,</span> <span class='ocrx_word' id='word_1_226' title='bbox 1374 2246 1416 2294; x_wconf 90' lang='lat' dir='ltr'>si</span> <span class='ocrx_word' id='word_1_227' title='bbox 1441 2261 1544 2309; x_wconf 89' lang='lat' dir='ltr'>qua</span> <span class='ocrx_word' id='word_1_228' title='bbox 1566 2247 1780 2308; x_wconf 88' lang='lat' dir='ltr'>pateret,</span> <span class='ocrx_word' id='word_1_229' title='bbox 1806 2244 1993 2291; x_wconf 88' lang='lat' dir='ltr'>irrum-</span> 
     </span>
     <span class='ocr_line' id='line_1_29' title="bbox 162 2321 1994 2395; baseline -0.007 -17"><span class='ocrx_word' id='word_1_230' title='bbox 162 2331 356 2395; x_wconf 89' lang='lat' dir='ltr'>perent.</span> <span class='ocrx_word' id='word_1_231' title='bbox 436 2327 534 2376; x_wconf 79' lang='lat' dir='ltr'>Sed</span> <span class='ocrx_word' id='word_1_232' title='bbox 559 2325 753 2390; x_wconf 89' lang='lat' dir='ltr'>ignotis</span> <span class='ocrx_word' id='word_1_233' title='bbox 789 2325 914 2374; x_wconf 87' lang='lat' dir='ltr'>locis</span> <span class='ocrx_word' id='word_1_234' title='bbox 948 2324 1180 2388; x_wconf 87' lang='lat' dir='ltr'>plerique</span> <span class='ocrx_word' id='word_1_235' title='bbox 1206 2323 1516 2371; x_wconf 85' lang='lat' dir='ltr'>oberrabant</span> <span class='ocrx_word' id='word_1_236' title='bbox 1542 2321 1844 2383; x_wconf 81' lang='lat' dir='ltr'>exceptique</span> <span class='ocrx_word' id='word_1_237' title='bbox 1870 2322 1994 2367; x_wconf 90' lang='lat' dir='ltr'>sunt</span> 
     </span>
     <span class='ocr_line' id='line_1_30' title="bbox 164 2397 1994 2470; baseline -0.007 -16"><span class='ocrx_word' id='word_1_238' title='bbox 164 2406 391 2470; x_wconf 88' lang='lat' dir='ltr'>quidam,</span> <span class='ocrx_word' id='word_1_239' title='bbox 417 2404 554 2451; x_wconf 89' lang='lat' dir='ltr'>inter</span> <span class='ocrx_word' id='word_1_240' title='bbox 579 2418 704 2467; x_wconf 92' lang='lat' dir='ltr'>quos</span> <span class='ocrx_word' id='word_1_241' title='bbox 729 2418 891 2465; x_wconf 91' lang='lat' dir='ltr'>equus</span> <span class='ocrx_word' id='word_1_242' title='bbox 916 2399 1488 2465; x_wconf 87' lang='lat' dir='ltr'>regis,-Bucephalam</span> <span class='ocrx_word' id='word_1_243' title='bbox 1513 2397 1994 2458; x_wconf 75' lang='lat' dir='ltr'>vocabant—quem</span> 
     </span>
     <span class='ocr_line' id='line_1_31' title="bbox 170 2471 1996 2541; baseline -0.007 -11"><span class='ocrx_word' id='word_1_244' title='bbox 170 2481 460 2530; x_wconf 80' lang='lat' dir='ltr'>Alexander</span> <span class='ocrx_word' id='word_1_245' title='bbox 494 2495 602 2527; x_wconf 92' lang='lat' dir='ltr'>non</span> <span class='ocrx_word' id='word_1_246' title='bbox 637 2479 813 2527; x_wconf 89' lang='lat' dir='ltr'>eodem</span> <span class='ocrx_word' id='word_1_247' title='bbox 850 2493 950 2541; x_wconf 91' lang='lat' dir='ltr'>quo</span> <span class='ocrx_word' id='word_1_248' title='bbox 984 2479 1176 2525; x_wconf 86' lang='lat' dir='ltr'>ceteras</span> <span class='ocrx_word' id='word_1_249' title='bbox 1211 2475 1432 2540; x_wconf 87' lang='lat' dir='ltr'>pecudes</span> <span class='ocrx_word' id='word_1_250' title='bbox 1467 2473 1642 2523; x_wconf 88' lang='lat' dir='ltr'>animo</span> <span class='ocrx_word' id='word_1_251' title='bbox 1678 2471 1996 2520; x_wconf 88' lang='lat' dir='ltr'>aestimabat.</span> 
     </span>
     <span class='ocr_line' id='line_1_32' title="bbox 165 2547 1998 2621; baseline -0.008 -15"><span class='ocrx_word' id='word_1_252' title='bbox 165 2559 407 2621; x_wconf 81' lang='lat' dir='ltr'>Namque</span> <span class='ocrx_word' id='word_1_253' title='bbox 449 2555 535 2604; x_wconf 89' lang='lat' dir='ltr'>ille</span> <span class='ocrx_word' id='word_1_254' title='bbox 577 2570 672 2603; x_wconf 92' lang='lat' dir='ltr'>nec</span> <span class='ocrx_word' id='word_1_255' title='bbox 712 2554 770 2602; x_wconf 88' lang='lat' dir='ltr'>in</span> <span class='ocrx_word' id='word_1_256' title='bbox 813 2554 963 2601; x_wconf 93' lang='lat' dir='ltr'>dorso</span> <span class='ocrx_word' id='word_1_257' title='bbox 1006 2552 1227 2600; x_wconf 87' lang='lat' dir='ltr'>insidere</span> <span class='ocrx_word' id='word_1_258' title='bbox 1270 2566 1361 2599; x_wconf 88' lang='lat' dir='ltr'>suo</span> <span class='ocrx_word' id='word_1_259' title='bbox 1403 2549 1700 2613; x_wconf 84' lang='lat' dir='ltr'>patiebatur</span> <span class='ocrx_word' id='word_1_260' title='bbox 1741 2547 1916 2604; x_wconf 87' lang='lat' dir='ltr'>alium,</span> <span class='ocrx_word' id='word_1_261' title='bbox 1947 2550 1998 2593; x_wconf 89' lang='lat' dir='ltr'>et</span> 
     </span>
     <span class='ocr_line' id='line_1_33' title="bbox 166 2623 1998 2697; baseline -0.008 -15"><span class='ocrx_word' id='word_1_262' title='bbox 166 2649 353 2697; x_wconf 83' lang='lat' dir='ltr'>regem,</span> <span class='ocrx_word' id='word_1_263' title='bbox 393 2647 513 2680; x_wconf 90' lang='lat' dir='ltr'>cum</span> <span class='ocrx_word' id='word_1_264' title='bbox 549 2629 720 2680; x_wconf 79' lang='lat' dir='ltr'>vellet⁴</span> <span class='ocrx_word' id='word_1_265' title='bbox 758 2629 1046 2687; x_wconf 89' lang='lat' dir='ltr'>ascendere,</span> <span class='ocrx_word' id='word_1_266' title='bbox 1086 2644 1178 2676; x_wconf 89' lang='lat' dir='ltr'>sua</span> <span class='ocrx_word' id='word_1_267' title='bbox 1227 2628 1408 2690; x_wconf 87' lang='lat' dir='ltr'>sponte</span> <span class='ocrx_word' id='word_1_268' title='bbox 1456 2640 1628 2690; x_wconf 88' lang='lat' dir='ltr'>genua</span> <span class='ocrx_word' id='word_1_269' title='bbox 1663 2623 1998 2672; x_wconf 84' lang='lat' dir='ltr'>summittens</span> 
     </span>
     <span class='ocr_line' id='line_1_34' title="bbox 167 2699 1999 2772; baseline -0.007 -14"><span class='ocrx_word' id='word_1_270' title='bbox 167 2708 471 2772; x_wconf 75' lang='lat' dir='ltr'>excipiebat,</span> <span class='ocrx_word' id='word_1_271' title='bbox 498 2705 903 2768; x_wconf 86' lang='lat' dir='ltr'>credebaturque</span> <span class='ocrx_word' id='word_1_272' title='bbox 940 2704 1146 2762; x_wconf 90' lang='lat' dir='ltr'>sentire,</span> <span class='ocrx_word' id='word_1_273' title='bbox 1173 2719 1327 2766; x_wconf 89' lang='lat' dir='ltr'>quem</span> <span class='ocrx_word' id='word_1_274' title='bbox 1352 2701 1573 2750; x_wconf 84' lang='lat' dir='ltr'>veheret.</span> <span class='ocrx_word' id='word_1_275' title='bbox 1644 2699 1839 2763; x_wconf 85' lang='lat' dir='ltr'>Majore</span> <span class='ocrx_word' id='word_1_276' title='bbox 1865 2714 1999 2762; x_wconf 89' lang='lat' dir='ltr'>ergo,</span> 
     </span>
     <span class='ocr_line' id='line_1_35' title="bbox 168 2773 2000 2849; baseline -0.007 -16"><span class='ocrx_word' id='word_1_277' title='bbox 168 2801 322 2849; x_wconf 89' lang='lat' dir='ltr'>quam</span> <span class='ocrx_word' id='word_1_278' title='bbox 352 2783 578 2839; x_wconf 85' lang='lat' dir='ltr'>decebat,</span> <span class='ocrx_word' id='word_1_279' title='bbox 605 2781 682 2829; x_wconf 89' lang='lat' dir='ltr'>ira</span> <span class='ocrx_word' id='word_1_280' title='bbox 717 2780 873 2830; x_wconf 90' lang='lat' dir='ltr'>simul</span> <span class='ocrx_word' id='word_1_281' title='bbox 908 2795 967 2828; x_wconf 90' lang='lat' dir='ltr'>ac</span> <span class='ocrx_word' id='word_1_282' title='bbox 1003 2779 1177 2828; x_wconf 90' lang='lat' dir='ltr'>dolore</span> <span class='ocrx_word' id='word_1_283' title='bbox 1215 2778 1516 2827; x_wconf 89' lang='lat' dir='ltr'>stimulatus</span> <span class='ocrx_word' id='word_1_284' title='bbox 1542 2792 1734 2839; x_wconf 91' lang='lat' dir='ltr'>equum</span> <span class='ocrx_word' id='word_1_285' title='bbox 1759 2773 2000 2837; x_wconf 76' lang='lat' dir='ltr'>vestigari</span> 
     </span>
     <span class='ocr_line' id='line_1_36' title="bbox 168 2850 2000 2925; baseline -0.007 -17"><span class='ocrx_word' id='word_1_286' title='bbox 168 2862 315 2925; x_wconf 82' lang='lat' dir='ltr'>jubet</span> <span class='ocrx_word' id='word_1_287' title='bbox 350 2861 401 2907; x_wconf 90' lang='lat' dir='ltr'>et</span> <span class='ocrx_word' id='word_1_288' title='bbox 438 2874 529 2922; x_wconf 87' lang='lat' dir='ltr'>per</span> <span class='ocrx_word' id='word_1_289' title='bbox 565 2858 904 2920; x_wconf 89' lang='lat' dir='ltr'>interpretem</span> <span class='ocrx_word' id='word_1_290' title='bbox 943 2854 1290 2919; x_wconf 88' lang='lat' dir='ltr'>pronuntiari,</span> <span class='ocrx_word' id='word_1_291' title='bbox 1323 2853 1378 2902; x_wconf 89' lang='lat' dir='ltr'>ni</span> <span class='ocrx_word' id='word_1_292' title='bbox 1425 2851 1800 2907; x_wconf 59' lang='lat' dir='ltr'>reddidissent?</span> <span class='ocrx_word' id='word_1_293' title='bbox 1839 2850 2000 2897; x_wconf 88' lang='lat' dir='ltr'>nemi-</span> 
     </span>
     <span class='ocr_line' id='line_1_37' title="bbox 169 2924 2001 2984; baseline -0.007 0"><span class='ocrx_word' id='word_1_294' title='bbox 169 2953 290 2984; x_wconf 86' lang='lat' dir='ltr'>nem</span> <span class='ocrx_word' id='word_1_295' title='bbox 333 2950 439 2983; x_wconf 84' lang='lat' dir='ltr'>esse</span> <span class='ocrx_word' id='word_1_296' title='bbox 478 2933 756 2983; x_wconf 88' lang='lat' dir='ltr'>victurum.</span> <span class='ocrx_word' id='word_1_297' title='bbox 847 2932 964 2980; x_wconf 89' lang='lat' dir='ltr'>Hac</span> <span class='ocrx_word' id='word_1_298' title='bbox 1007 2930 1404 2979; x_wconf 83' lang='lat' dir='ltr'>denuntiatione</span> <span class='ocrx_word' id='word_1_299' title='bbox 1439 2928 1606 2977; x_wconf 89' lang='lat' dir='ltr'>territi</span> <span class='ocrx_word' id='word_1_300' title='bbox 1656 2943 1775 2975; x_wconf 91' lang='lat' dir='ltr'>cum</span> <span class='ocrx_word' id='word_1_301' title='bbox 1822 2924 2001 2974; x_wconf 82' lang='lat' dir='ltr'>ceteris</span> 
     </span>
    </p>
   </div>
   <div class='ocr_carea' id='block_1_3' title="bbox 174 3043 1999 3145">
    <p class='ocr_par' dir='ltr' id='par_1_4' title="bbox 174 3043 1999 3145">
     <span class='ocr_line' id='line_1_38' title="bbox 235 3043 1999 3092; baseline -0.005 -7"><span class='ocrx_word' id='word_1_302' title='bbox 235 3054 249 3074; x_wconf 85' lang='lat'>⁶</span> <span class='ocrx_word' id='word_1_303' title='bbox 265 3054 340 3092; x_wconf 85' lang='lat'>305,</span> <span class='ocrx_word' id='word_1_304' title='bbox 355 3052 400 3085; x_wconf 83' lang='lat' dir='ltr'>R.</span> <span class='ocrx_word' id='word_1_305' title='bbox 420 3052 449 3084; x_wconf 90' lang='lat'>1.</span> <span class='ocrx_word' id='word_1_306' title='bbox 494 3051 509 3073; x_wconf 92' lang='lat'>⁷</span> <span class='ocrx_word' id='word_1_307' title='bbox 525 3052 597 3084; x_wconf 85' lang='lat'><strong>650.</strong></span> <span class='ocrx_word' id='word_1_308' title='bbox 644 3050 659 3073; x_wconf 83' lang='lat'>⁸</span> <span class='ocrx_word' id='word_1_309' title='bbox 675 3051 748 3084; x_wconf 86' lang='lat'><strong>305.</strong></span> <span class='ocrx_word' id='word_1_310' title='bbox 794 3050 809 3072; x_wconf 81' lang='lat'><strong>⁹</strong></span> <span class='ocrx_word' id='word_1_311' title='bbox 826 3050 898 3090; x_wconf 88' lang='lat'>515,</span> <span class='ocrx_word' id='word_1_312' title='bbox 915 3050 959 3083; x_wconf 88' lang='lat' dir='ltr'>R.</span> <span class='ocrx_word' id='word_1_313' title='bbox 977 3051 1008 3083; x_wconf 89' lang='lat'>3.</span> <span class='ocrx_word' id='word_1_314' title='bbox 1055 3050 1088 3073; x_wconf 86' lang='lat'>¹⁰</span> <span class='ocrx_word' id='word_1_315' title='bbox 1105 3050 1176 3083; x_wconf 80' lang='lat'><strong>632.</strong></span> <span class='ocrx_word' id='word_1_316' title='bbox 1383 3048 1464 3083; x_wconf 84' lang='lat'>38.</span> <span class='ocrx_word' id='word_1_317' title='bbox 1491 3048 1502 3069; x_wconf 88' lang='lat'>¹</span> <span class='ocrx_word' id='word_1_318' title='bbox 1521 3049 1592 3081; x_wconf 75' lang='lat'>355.</span> <span class='ocrx_word' id='word_1_319' title='bbox 1639 3046 1653 3068; x_wconf 80' lang='lat'><strong>²</strong></span> <span class='ocrx_word' id='word_1_320' title='bbox 1671 3046 1742 3086; x_wconf 80' lang='lat'>403,</span> <span class='ocrx_word' id='word_1_321' title='bbox 1759 3045 1803 3078; x_wconf 82' lang='lat' dir='ltr'>R.</span> <span class='ocrx_word' id='word_1_322' title='bbox 1820 3045 1851 3078; x_wconf 76' lang='lat'>2.</span> <span class='ocrx_word' id='word_1_323' title='bbox 1897 3043 1912 3066; x_wconf 81' lang='lat'><strong>³</strong></span> <span class='ocrx_word' id='word_1_324' title='bbox 1929 3044 1999 3077; x_wconf 73' lang='grc'><strong>346.</strong></span> 
     </span>
     <span class='ocr_line' id='line_1_39' title="bbox 174 3103 588 3145; baseline -0.005 -7"><span class='ocrx_word' id='word_1_325' title='bbox 174 3105 189 3128; x_wconf 79' lang='lat'><strong>⁴</strong></span> <span class='ocrx_word' id='word_1_326' title='bbox 206 3105 279 3145; x_wconf 81' lang='lat'>569,</span> <span class='ocrx_word' id='word_1_327' title='bbox 296 3104 340 3137; x_wconf 84' lang='lat' dir='ltr'>R.</span> <span class='ocrx_word' id='word_1_328' title='bbox 358 3105 389 3137; x_wconf 81' lang='lat'>2.</span> <span class='ocrx_word' id='word_1_329' title='bbox 435 3103 450 3125; x_wconf 78' lang='lat'><strong>⁶</strong></span> <span class='ocrx_word' id='word_1_330' title='bbox 466 3103 540 3143; x_wconf 86' lang='grc'><strong>660,</strong></span> <span class='ocrx_word' id='word_1_331' title='bbox 557 3103 588 3136; x_wconf 90' lang='grc'>4.</span> 
     </span>
    </p>
   </div>
  </div>
 </body>
</html>
