2243 3465
614 126 873 165 FABULAE
909 122 1140 161 AETA'rrs
1176 119 1476 157 HEROICAE.
1905 103 1969 150 21

123 267 262 318 focit.
349 264 605 314 Simulata
661 257 1119 317 reconciliatione?
1185 257 1396 305 fratrem
1454 249 1724 300 revocavit.
1831 245 1971 293 Tum

124 348 259 397 filios
285 345 398 410 ejus
421 344 651 392 infantes
688 338 968 388 trucidavit
1002 341 1054 385 et
1077 335 1270 384 viscera
1304 339 1484 381 eorum
1508 329 1564 377 in
1601 327 1766 391 epulis
1800 322 1969 388 patri¹

123 426 378 490 apposuit.
448 420 675 471 Edenti³
712 417 924 468 brachia
959 419 1010 465 et
1048 422 1136 463 ora
1170 419 1452 478 puerorum
1490 409 1648 458 allata
1684 407 1821 456 sunt.
1892 403 1970 453 Ob

123 506 179 554 id
216 504 381 553 scelus
417 502 574 550 etiam
619 499 706 548 Sol
749 512 963 546 currum
1006 488 1206 544 avertit.
1277 492 1531 555 Thyestos
1571 488 1795 535 Atreum
1835 498 1973 532 exse—

126 588 301 635 cratus
338 587 415 632 est
459 584 511 630 et
556 579 801 644 profugit.
882 575 1212 640 Aegisthum,
1255 572 1510 635 Thyestae
1547 566 1740 624 filium,
1782 565 1974 612 Atreus

126 681 248 714 cum
287 670 392 712 suis
432 661 582 718 filiis,
620 659 1017 722 Agamemnone
1058 656 1109 702 et
1148 652 1402 708 Menelao,
1429 646 1686 696 educavit.
1771 643 1976 692 Interea

126 748 338 811 propter
364 743 512 790 Atrei
536 740 702 788 scelus
728 738 911 800 Argivi
946 751 1007 783 ex
1049 732 1321 783 sterilitate
1356 735 1603 794 agrorum
1629 731 1681 774 et
1715 728 1860 789 gravi
1894 736 1977 784 pe-

129 823 359 874 stilentia
381 821 701 870 laborabant.
771 805 1055 866 Graculum
1077 813 1246 870 datur,
1265 812 1328 858 ut
1346 810 1361 831 ⁴
1401 808 1653 873 Thyestes
1677 805 1732 852 in
1757 816 1975 866 regnum

128 905 418 954 reducatur.
485 900 669 963 Itaque
706 898 899 946 Atreus
937 894 1089 942 filios
1132 890 1314 951 mittit,
1341 888 1464 953 qui⁵
1507 886 1788 950 Thyestam
1829 895 1978 945 quae-

128 985 262 1034 rant.
330 981 626 1030 Reductum
648 978 705 1026 in
731 974 1020 1025 custodiam
1048 971 1276 1036 conjicit.
1348 969 1423 1018 At
1448 964 1733 1031 Aegisthus
1756 962 1978 1010 Atreum

129 1065 187 1113 in
211 1063 361 1112 litore
385 1076 528 1110 sacra
550 1059 826 1108 facientem
851 1052 1133 1104 interfecit.

413 1154 426 1176 1
442 1153 515 1186 410.
696 1149 712 1171 ²
727 1150 800 1182 400.
968 1145 983 1168 ³
999 1146 1072 1179 346.
1241 1142 1257 1165 ⁴
1274 1142 1346 1181 546,
1364 1139 1448 1174 end.
1616 1136 1632 1159 ⁶
1647 1137 1718 1169 632.

660 1248 730 1288 11.
774 1244 1093 1295 Agamemnon
1121 1242 1167 1279 et
1194 1237 1454 1278 Menelaus.

200 1333 563 1397 Agamemnon
591 1329 642 1377 et
666 1326 939 1375 Menelaus
975 1323 1038 1372 ab
1063 1319 1314 1383 Aegistho
1339 1321 1499 1381 regno
1521 1315 1532 1337 ¹
1571 1313 1709 1377 pulsi
1744 1310 1984 1376 Spartam

139 1415 397 1463 vonerunt
420 1411 486 1460 ad
522 1408 856 1474 Tyndareum
880 1407 1069 1468 regem.
1137 1390 1267 1465 Ejus
1302 1412 1433 1445 uxor
1468 1411 1529 1444 ex
1555 1393 1684 1443 Jove
1719 1392 1986 1455 pepererat

139 1492 401 1540 Pollucem
440 1489 492 1535 et
533 1486 803 1541 Helenam,
846 1497 908 1530 ex
947 1478 1222 1544 Tyndareo
1262 1475 1528 1524 Castorem
1568 1473 1619 1518 et
1659 1467 1986 1532 Clytaemne-

138 1574 311 1622 stram.
382 1567 796 1632 Clytaemnestra
819 1560 1002 1624 nupsit
1018 1559 1404 1622 Agamemnoni
1420 1568 1432 1613 3
1450 1551 1465 1572 ²
1493 1549 1752 1598 Helenam
1777 1545 1986 1611 Tynda-

140 1664 256 1699 reus
300 1647 536 1696 Menelao
575 1645 632 1693 in
669 1639 1068 1691 matrimonium
1112 1635 1270 1694 dedit,
1312 1644 1638 1697 regnumque
1676 1626 1904 1676 moriens
1942 1628 1990 1672 ei

143 1727 369 1778 tradidit.
425 1727 807 1791 Agamemnon,
829 1727 857 1769 a
872 1721 1028 1768 fratre
1048 1717 1271 1780 adjutus,
1289 1726 1512 1777 regnum
1530 1707 1760 1773 patrium
1779 1703 1989 1768 recepit.

828 1800 930 1834 1388.
1042 1797 1147 1837 2345,
1163 1795 1209 1828 R.
1226 1795 1258 1826 2.

937 1897 1012 1938 12.
1059 1893 1208 1936 Paris.

209 1988 345 2038 Cum
380 1984 595 2049 nuptiae
631 1981 772 2031 Pelei
806 1981 858 2028 et
893 1975 1132 2026 Thetidis
1168 1967 1590 2026 celebrarentur,¹
1628 1971 1807 2015 omnes
1832 1963 1907 2011 dii
1940 1964 1993 2011 et

142 2070 264 2119 deae
300 2067 529 2123 aderant,
569 2062 676 2129 sola
713 2059 831 2109 Eris
867 2058 1092 2106 invitata
1130 2059 1236 2101 non
1274 2052 1395 2100 erat.
1464 2038 1638 2097 Trata²
1681 2042 1992 2092 discordiam

142 2150 367 2198 excitare
413 2142 702 2195 constituit.
733 2139 744 2143 ’
795 2140 980 2202 Itaque
1026 2141 1246 2199 pomum
1294 2145 1516 2180 aureum
1563 2126 1700 2174 inter
1748 2128 1991 2172 convivas

152 2228 295 2294 jecit,
312 2226 369 2275 in
387 2231 490 2290 quo
515 2222 828 2285 inscriptum
853 2220 989 2269 enat:
1027 2209 1441 2263 Pulcherrimael
1509 2204 1653 2257 Juno
1681 2207 1732 2252 et
1757 2203 1994 2251 Minerva

145 2311 198 2358 et
236 2308 409 2356 Venus
444 2311 662 2369 pomum
699 2300 796 2349 sibi
830 2296 1134 2355 vindicant3
1187 2292 1464 2341 vehemens
1500 2287 1614 2335 rixa
1648 2284 1827 2333 oritur.
1897 2282 1993 2331 Po-

146 2390 337 2437 stremo
364 2381 656 2432 Mercurius
680 2382 786 2427 tros
810 2377 925 2425 illas
950 2375 1068 2423 deas
1093 2371 1248 2420 duxit
1270 2371 1327 2417 in
1352 2369 1586 2416 montem
1611 2356 1776 2422 Tdam,
1802 2368 1893 2426 qui
1928 2360 1994 2409 ad

147 2467 363 2529 Trojam
389 2465 520 2512 situs
545 2463 665 2510 erat.
737 2456 926 2516 Paridi,
953 2455 1148 2503 Priami
1171 2451 1316 2508 filio,
1343 2454 1434 2512 qui
1469 2446 1542 2495 ibi
1580 2452 1700 2494 oves
1734 2441 1992 2507 pascebat,

156 2545 416 2611 judicium
440 2540 774 2590 commissum
800 2539 889 2585 est.
957 2533 992 2583 J
998 2531 1101 2580 uno
1138 2537 1183 2578 ei
1217 2527 1453 2593 pollicita
1478 2527 1554 2574 est
1590 2538 1812 2588 regnum
1838 2520 1993 2568 Asiae

149 2628 202 2674 et
225 2623 448 2675 divitias,
473 2619 709 2668 Minerva
744 2613 1050 2679 sapientiam
1086 2613 1138 2659 et
1172 2609 1296 2658 belli
1330 2606 1565 2671 gloriam,
1586 2604 1767 2652 Venus
1803 2601 1994 2648 formo-

150 2703 406 2754 sissimam
442 2699 679 2749 omnium
718 2695 999 2744 mulierum
1037 2689 1330 2753 conjugem.
1413 2684 1554 2733 Paris
1592 2683 1856 2731 Venerem
1881 2677 1996 2742 pul-

151 2781 461 2832 cherrimam
502 2793 606 2826 esse
640 2773 892 2839 jodicz‘ivit
931 2778 1079 2834 eique
1119 2775 1342 2832 pomum
1382 2762 1626 2828 porrexit.
1696 2760 1818 2808 Ideo
1853 2756 1996 2806 Jsuio

151 2869 203 2910 et
227 2861 464 2909 Minerva
490 2855 665 2905 Paridi
689 2853 1034 2914 omnibusque
1060 2847 1301 2911 Trojanis
1336 2844 1577 2892 inimicae
1603 2841 1832 2890 fuerunt.
1903 2836 1998 2883 Pa-

154 2942 222 2990 ris
258 2942 433 2988 autem
458 2935 674 2985 consilio
693 2934 708 2954 ³
734 2936 786 2980 et
810 2931 1008 2979 auxilio
1035 2926 1253 2977 Veneris
1279 2922 1718 2972 Lacedaemonem
1737 2918 1753 2939 ⁴
1791 2915 1998 2979 naviga-

157 3020 230 3070 vit
253 3021 304 3068 et
327 3017 601 3074 Helenam,
629 3012 851 3061 Menelai
875 3008 1092 3072 hospitis
1122 3012 1354 3062 uxorem,
1381 3001 1595 3065 Trojam
1615 2999 1629 3020 ⁴
1667 2995 1900 3045 abduxit.

399 3109 412 3132 ¹
429 3109 501 3142 586.
765 3104 781 3126 ²
804 3103 875 3142 ³24,
893 3102 937 3135 R.
955 3103 986 3134 6.
1234 3096 1250 3118 ³
1266 3096 1339 3129 407.
1590 3090 1607 3113 ⁴
1628 3089 1702 3123 410.
