2243 3465
787 107 1324 148 NARRATIUNCULAE.
1911 103 1973 151 35

119 242 202 286 103
251 236 477 288 latebrae
525 239 713 301 forent,
754 241 809 289 in
861 243 1198 306 camporum¹
1253 245 1304 291 et
1344 250 1622 292 arenarum
1665 244 1975 295 solitudines

119 324 361 377 concessi,
387 334 446 367 ac
487 325 530 368 si
565 319 844 370 defuisset²
883 321 1044 381 cibus,
1082 323 1361 372 consilium
1398 323 1515 383 fuit,
1542 327 1763 372 mortem
1801 325 1974 389 aliquo

118 402 272 460 pacto
298 414 553 462 quaerere.
639 400 779 449 Tum
805 401 895 461 sol,
923 402 1112 466 inquit,
1140 419 1261 451 cum
1300 404 1755 453 vehementissime
1794 405 1975 469 flagra-

118 480 212 535 ret,
240 492 450 540 specum
488 479 752 543 quendam
790 488 976 530 nactus
1013 486 1273 530 remotum
1313 483 1748 547 latebrosumque,
1776 485 1826 532 in
1858 501 1974 532 eum

118 561 202 602 1110
229 556 464 605 recondo.
554 558 678 607 Non
704 560 873 608 multo
898 563 1015 624 post
1041 562 1105 610 ad
1125 562 1350 610 eundem
1377 578 1586 625 specum
1612 564 1753 611 venit
1779 564 1862 612 hic
1882 565 1975 623 leo,

118 635 279 684 debili
303 643 407 684 uno
435 642 486 685 et
511 642 728 687 cruento
753 639 894 703 pede,
920 642 1146 704 gemitus
1171 642 1329 691 edens
1356 647 1406 691 et
1431 659 1718 704 murmura,
1744 645 1973 694 dolorem

118 715 513 780 cruciatumque
537 718 769 768 vulneris
806 719 1173 785 significantia.
1244 722 1421 770 Primo
1459 723 1671 786 quidem
1696 727 1975 788 conspectu

116 793 444 844 advenientis
479 797 646 846 leonis
671 799 887 847 territus
925 815 1041 848 sum
1079 806 1130 849 et
1165 803 1478 865 pavefactus.
1559 802 1659 851 Sed
1699 811 1975 867 postquam

116 873 464 939 introgressus
488 876 567 925 1οὄ
593 877 648 926 in
674 878 958 928 latibulum
996 896 1146 929 suum
1186 881 1319 930 vidit
1344 889 1427 930 me
1462 883 1645 946 procul
1670 883 1974 932 delitescen-

115 958 237 1013 tem,
263 955 406 1004 mitis
431 959 482 1005 et
507 965 817 1008 mansuetus
842 961 1070 1020 accessit,
1098 977 1157 1009 ac
1184 962 1451 1010 sublatum
1472 962 1486 983 ³
1522 963 1704 1026 pedem
1742 963 1975 1027 porrexit

115 1038 167 1082 et
191 1035 335 1098 quasi
363 1052 511 1100 opem
536 1040 706 1101 petere
731 1045 872 1089 visus
898 1044 986 1088 est.
1077 1040 1170 1089 Ibi'
1188 1057 1281 1106 ego
1312 1042 1528 1106 stirpem
1554 1042 1838 1107 ingentem,
1867 1060 1973 1092 ves-

115 1115 245 1178 tigio
264 1114 280 1136 ⁴
315 1116 460 1179 pedis
487 1117 600 1182 ejus
624 1117 1001 1179 inhaerentem,
1029 1121 1219 1181 revelli,
1247 1122 1545 1186 saniemque
1571 1129 1811 1186 expressi,
1828 1132 1974 1172 accu-

114 1195 380 1260 ratiusque
421 1197 530 1246 sine
571 1205 763 1263 magna
794 1199 904 1264 jam
931 1201 1209 1249 formidine
1252 1201 1439 1250 siccavi
1462 1202 1671 1265 penitus
1710 1205 1864 1267 atque
1890 1203 1976 1251 de-

115 1278 240 1323 tersi
279 1277 531 1326 cruorem.
621 1278 718 1327 Ille
765 1285 895 1328 tunc
933 1286 1045 1329 mea
1081 1287 1233 1345 opera
1268 1284 1319 1329 et
1354 1282 1554 1330 medela
1589 1283 1802 1343 levatus,
1845 1283 1974 1346 pede

114 1353 171 1402 in
196 1356 441 1405 manibus
471 1364 601 1407 meis
623 1359 829 1422 posito,3
854 1361 1096 1409 recubuit
1120 1363 1172 1409 et
1196 1361 1410 1426 quievit.
1481 1362 1655 1426 Atque
1692 1378 1753 1410 ex
1790 1363 1848 1411 eo
1886 1363 1970 1410 die

114 1435 404 1484 triennium
457 1438 634 1486 totum
679 1455 772 1504 ego
807 1444 859 1489 et
894 1439 973 1489 1οὄ
1009 1441 1065 1489 in
1103 1441 1280 1490 eodem
1320 1449 1474 1505 specu
1509 1442 1788 1506 eodemque
1830 1442 1972 1491 victu

113 1514 355 1564 viximus.
425 1516 565 1566 Nam
602 1524 795 1579 earum,
822 1526 949 1584 queis
996 1522 1300 1581 venabatur,
1327 1523 1553 1570 ferarum
1596 1523 1828 1570 membra
1866 1529 1973 1585 opi-

113 1593 279 1643 miora
302 1595 367 1643 ad
404 1611 615 1660 specum
642 1598 775 1646 mihi
813 1602 1137 1665 suggerebat,
1164 1617 1294 1666 quae
1330 1617 1438 1665 ego,
1463 1600 1600 1666 ignis
1637 1602 1837 1666 copiam
1863 1608 1971 1650 non

113 1672 324 1735 habens,
352 1676 456 1724 sole
478 1677 764 1727 meridiano
789 1685 924 1728 tosta
949 1681 1177 1729 edebam.
1259 1681 1357 1730 Sed
1382 1682 1472 1729 ubi
1511 1688 1594 1729 me
1621 1685 1755 1730 vitae
1774 1682 1788 1703 ⁵
1830 1682 1973 1730 illius

112 1755 306 1803 ferinae
349 1755 460 1820 jam
502 1762 796 1820 pertaesum
836 1762 928 1820 est,
964 1760 1113 1810 leone
1156 1761 1444 1810 venatum⁶
1501 1762 1749 1825 profecto,
1787 1763 1973 1826 reliqui

114 1851 340 1899 specum,
380 1842 430 1885 et
479 1839 615 1887 viam
651 1839 811 1887 ferme
860 1841 1059 1889 tridui⁷
1102 1857 1419 1906 permensus
1463 1847 1491 1888 ῑι
1529 1842 1786 1891 militibus
1832 1849 1973 1891 visus

114 1918 621 1982 comprehensusque
648 1935 781 1980 sum,
810 1923 861 1968 et
902 1921 968 1969 ad
1001 1921 1277 1970 dominum
1320 1939 1380 1970 ex
1418 1912 1598 1971 Africa
1638 1923 1858 1971 Romam
1885 1922 1971 1970 de-

113 1996 319 2045 ductus.
388 1997 439 2046 Is
482 2005 565 2046 me
603 2001 784 2048 statim
823 2001 1046 2065 capitis⁸
1083 2001 1354 2050 damnavit
1390 2002 1633 2066 deditque
1670 2003 1734 2051 ad
1772 2003 1971 2051 bestias.

113 2076 342 2125 Videtur
367 2080 542 2126 autem
567 2078 654 2128 hic
680 2096 883 2145 quoque
909 2081 987 2129 1οὄ
1013 2084 1189 2146 postea
1215 2088 1397 2146 captus
1423 2099 1568 2132 nunc
1592 2084 1812 2148 gratiam
1838 2083 1970 2132 mihi

114 2157 347 2206 beneficii
373 2161 424 2206 et
449 2159 735 2208 medicinae
760 2162 962 2210 referre.
1031 2162 1179 2211 Haec
1205 2163 1517 2211 Androclus.
1587 2163 1727 2211 Tum
1753 2165 1968 2212 011110133-

113 2252 230 2285 rum
250 2238 489 2301 precibus
509 2239 753 2289 dimissus
779 2244 855 2289 est
880 2244 931 2289 et
955 2248 1121 2305 paena
1137 2243 1152 2265 ⁹
1179 2243 1394 2302 solutus,
1420 2242 1602 2307 leoque
1628 2249 1675 2291 ei
1712 2244 1969 2307 suffragiis

112 2318 293 2381 populi
317 2318 554 2368 donatus.
624 2319 808 2369 Postea
834 2321 1137 2371 videbamus
1164 2322 1489 2371 Androclum
1516 2326 1568 2371 et
1610 2323 1829 2382 leonem,
1856 2323 1968 2370 loro

112 2400 261 2445 tenui
285 2398 596 2459 revinctum,
623 2401 750 2448 urbe
775 2402 933 2449 tota¹⁰
971 2401 1166 2450 circum
1193 2403 1432 2451 tabernas
1467 2404 1592 2452 ire.¹¹
1663 2404 1972 2452 Donabatur

111 2492 223 2525 aere
259 2478 574 2539 Androclus,
599 2479 815 2529 fioribus
852 2483 1192 2546 spargebatur
1227 2482 1335 2544 1οὅ;
1374 2499 1551 2532 01111103
1588 2484 1692 2531 fere
1730 2484 1869 2532 obvii
1894 2484 1970 2531 di-

111 2559 334 2607 cebant:
385 2557 492 2606 Hic
531 2561 607 2607 est
654 2558 732 2607 1οὅ
774 2560 960 2625 hospes
1007 2561 1253 2622 hominis,
1281 2562 1369 2611 hic
1418 2567 1495 2611 est
1540 2562 1698 2612 homo
1740 2563 1972 2612 medicus

110 2638 288 2687 leoms.
393 2704 405 2725 ¹
422 2704 495 2739 357,
513 2704 557 2736 R.
575 2704 606 2737 2.
693 2704 709 2726 2
725 2705 798 2739 516.
886 2706 901 2728 a
918 2708 990 2743 667,
1008 2707 1053 2741 R.
1073 2708 1102 2741 1.
1191 2708 1206 2730 ⁴
1221 2709 1294 2742 346.
1382 2709 1397 2730 ε,
1415 2710 1486 2742 376.
1576 2709 1590 2730 ε
1606 2710 1680 2743 436.

473 2772 488 2794 '¹
505 2771 577 2805 364.
665 2771 680 2793 ὓ
697 2774 771 2814 3⁷7,
787 2774 832 2807 R.
851 2775 880 2808 1.
968 2776 983 2797 ⁹
998 2777 1071 2810 388.
1160 2777 1193 2799 ¹⁰
1209 2778 1284 2811 386.
1374 2779 1404 2799 ¹1
1423 2779 1496 2819 527,
1514 2777 1558 2811 R.
1579 2779 1608 2811 1.

778 2884 851 2924 30.
880 2886 912 2924 J
914 2897 1024 2925 ocus
1051 2885 1306 2926 familiaris.

178 2963 233 3011 P.
262 2963 536 3013 Cornelius
563 2955 735 3028 Scipio
760 2965 949 3014 Nasica
974 2983 1092 3015 cum
1120 2968 1184 3016 ad
1221 2971 1430 3031 poetam
1468 2968 1707 3016 Ennium
1744 2969 1971 3017 venisset

113 3049 260 3108 eique
279 3044 342 3093 ab
362 3043 495 3092 ostio
513 3048 781 3108 quaerenti
805 3045 1043 3095 Ennium
1068 3048 1258 3097 ancilla
1279 3048 1509 3109 dixisset,
1527 3048 1696 3097 (101111ι
1726 3050 1832 3097 noli
1853 3065 1970 3109 esse,
