2243 3465
672 137 745 172 DE
781 133 966 172 GEs'Hs
1002 130 1353 169 ALEXANDRr.
1862 115 1922 161 45

95 272 472 338 sequebantur3
507 268 713 319 barbari
749 285 779 318 a
815 277 922 316 tam
957 264 1137 331 paucis
1171 277 1418 328 pecorum
1448 259 1602 309 modo
1639 257 1925 323 agebantur

95 352 248 413 atque
272 347 628 397 caedebantur.

164 429 240 475 15.
281 425 316 474 J
320 441 403 473 am
423 424 588 473 victor
613 421 868 470 exercitus
894 419 1060 468 castra
1083 415 1315 465 hostium
1342 412 1739 478 opulentissima
1763 409 1924 458 intra-

97 505 268 563 verat3
306 501 488 565 ingens
527 498 636 548 auri
678 496 982 562 argentique
1020 492 1225 557 pondus
1257 507 1363 539 non
1401 490 1523 538 belli
1563 488 1650 537 sed
1689 487 1926 535 luxuriae

96 581 404 644 apparatum
442 575 774 638 diripuerunt
811 572 1017 619 milites.
1102 568 1210 618 Ubi
1253 568 1315 616 ad
1359 565 1576 615 seminas
1617 568 1924 628 perventum

98 657 206 715 est,¹
247 653 484 703 omnium
523 651 700 700 oculos
736 648 1037 710 animosque
1070 644 1125 693 in
1163 648 1322 693 semet
1359 644 1658 692 averterunt
1696 639 1927 702 captivae

97 738 262 781 mater
288 730 625 793 conjunxque
649 725 836 786 Darei3
873 723 980 771 illa²
1007 738 1113 770 non
1152 720 1418 784 majestate
1453 718 1619 767 solum
1653 716 1740 765 sed
1771 715 1927 764 etiam

97 810 262 857 aetate
283 805 586 854 venerabilis
601 820 613 865 3
646 803 770 850 haec
790 799 1012 864 insignis
1038 800 1229 847 formae
1253 794 1650 860 pulchritudine
1671 793 1930 854 receperat

96 886 151 932 in
180 883 355 932 sinum
390 880 559 929 filium
585 879 822 928 nondum
851 880 1056 925 sextum
1081 889 1281 923 annum
1307 871 1488 920 aetatis
1513 885 1788 934 egressum.
1865 867 1929 915 In

54 996 56 998 ψ
98 959 292 1025 gremio
318 958 466 1006 anus³
487 956 629 1006 aviae
650 955 895 1020 jacebant
920 952 1128 1002 adultae
1153 950 1284 998 duae
1308 947 1549 1012 virgines,
1570 962 1676 994 non
1701 960 1793 993 suo
1821 947 1931 992 tan-

97 1038 215 1085 tum
241 1035 330 1083 sed
359 1035 517 1083 etiam
552 1032 695 1081 illius
731 1045 959 1079 maerore
984 1027 1261 1076 confectae.
1331 1025 1523 1089 Ingens
1549 1023 1684 1071 circa
1708 1037 1819 1070 eam
1846 1035 1932 1068 no-

96 1113 285 1163 bilium
323 1112 639 1160 feminarum
665 1108 820 1156 turba
856 1102 1192 1162 constiterat,⁴¹
1219 1102 1409 1151 evulsis
1443 1099 1675 1149 crinibus
1701 1096 1932 1145 discissa-

98 1206 198 1254 que
236 1193 390 1239 veste.
465 1186 573 1236 Ubi
615 1200 754 1234 unus
792 1199 818 1232 e
856 1180 1072 1246 captivis
1111 1178 1426 1243 spadonibus
1468 1175 1768 1233 amiculum,
1795 1173 1933 1237 quod

99 1266 320 1325 Dareus,
343 1264 478 1313 sicut
503 1262 677 1327 paulo⁵
698 1262 817 1310 ante
838 1258 1039 1307 dictum
1060 1258 1152 1315 est,
1173 1255 1443 1319 abjecerat,
1463 1253 1516 1301 in
1544 1252 1788 1301 manibus
1827 1248 1935 1312 ejus

101 1342 191 1407 qui
229 1344 492 1405 repertum
530 1339 738 1397 ferebat,
777 1334 1005 1400 agnovit,
1042 1335 1289 1396 ratusque
1325 1329 1617 1379 interfecto⁶
1643 1328 1934 1376 detractum

102 1435 222 1478 esse,
244 1418 431 1466 falsum
458 1415 710 1464 nuntium
737 1412 918 1461 mortis
939 1411 1047 1475 ejus
1067 1409 1264 1469 attulit,
1289 1408 1473 1472 ingens
1492 1408 1551 1455 fit
1576 1404 1801 1470 gemitus
1827 1402 1935 1466 eju-

101 1495 341 1558 latusque
378 1493 675 1541 mulierum.
751 1489 959 1537 Interea
982 1485 1293 1544 Alexander,
1317 1488 1590 1549 postquam
1628 1484 1680 1530 et
1716 1497 1819 1529 nox
1851 1495 1936 1543 ap-

101 1570 329 1636 petebat⁷
355 1572 406 1618 et
431 1565 782 1631 consequendi
818 1565 1049 1613 Dareum
1075 1578 1188 1626 spes
1225 1578 1328 1610 non
1358 1563 1481 1620 erat,
1507 1560 1562 1607 in
1590 1560 1756 1607 castra
1780 1558 1936 1622 paulo

102 1650 223 1697 ante
259 1663 288 1695 a
325 1645 432 1695 suis
468 1646 620 1708 capta
654 1641 903 1707 pervenit.
978 1640 1178 1688 Audito
1204 1637 1485 1686 mulierum
1516 1636 1736 1684 clamore
1762 1649 1937 1682 causa-

103 1740 204 1789 que
228 1724 300 1772 rei
326 1721 550 1786 cognita,
577 1720 910 1768 Leonnatum
951 1716 1111 1775 misit,
1138 1715 1228 1779 qui
1253 1715 1423 1764 vivere
1460 1713 1689 1761 Dareum
1716 1713 1767 1759 et
1802 1710 1938 1773 ipsas

103 1801 390 1849 incolumes
415 1799 523 1846 fore
549 1795 858 1844 nuntia1·et.⁸
927 1794 1065 1841 Tum
1094 1793 1304 1841 demum
1332 1790 1490 1839 Darei
1528 1792 1694 1837 mater
1729 1784 1938 1835 allevari

105 1894 156 1927 se
180 1892 329 1941 passa
354 1882 444 1924 est.
514 1874 727 1922 Postero
748 1871 829 1920 die
855 1872 961 1936 ipse
981 1869 1378 1918 tabernaculum
1406 1883 1526 1915 cum
1552 1862 1938 1928 Hephaestione

104 1953 282 2002 intrat.
359 1952 411 2000 Is
445 1951 599 2015 longe
625 1949 863 1998 omnium
888 1947 1174 1996 amicorum
1200 1943 1495 1993 carissimus
1520 1944 1628 1990 erat
1654 1940 1774 2005 regi,
1803 1945 1853 1988 et
1877 1938 1940 1987 si-

106 2033 198 2080 cut
235 2031 402 2078 aetate
440 2044 548 2092 par,
578 2027 651 2075 ita
687 2025 913 2088 corporis
950 2022 1134 2071 habitu
1173 2022 1481 2085 praestabat.
1558 2018 1697 2082 Ergo
1733 2017 1939 2081 reginae

105 2107 259 2156 illum
284 2121 388 2154 esse
413 2120 584 2169 regem
609 2104 749 2151 ratae
773 2117 865 2150 suo
891 2116 1032 2148 more
1058 2101 1326 2147 veneratae
1353 2098 1491 2145 sunt.
1548 2095 1792 2143 Alterum
1820 2092 1940 2140 Ale-

106 2183 365 2232 xandrum
398 2197 504 2230 esse
539 2178 808 2229 admonita
833 2175 1147 2241 Sisygambis
1185 2174 1431 2223 advoluta
1461 2174 1537 2220 est
1561 2170 1779 2235 pedibus
1815 2168 1940 2232 ejus,

106 2259 461 2325 ignorantiam
489 2271 761 2320 nunquam
786 2256 938 2302 antea
956 2252 1052 2301 visi
1078 2251 1210 2316 regis
1231 2265 1497 2299 excusans.
1569 2247 1756 2307 Quam⁹
1779 2261 1937 2293 manu

108 2337 336 2386 allevans
362 2351 467 2393 rex,
493 2334 617 2382 Non
642 2330 840 2390 errasti,
866 2329 1056 2394 inquit,
1082 2330 1262 2386 mater,
1289 2343 1411 2375 nam
1448 2328 1499 2374 et
1534 2325 1621 2373 hic
1646 2322 1942 2371 Alexander

109 2415 200 2462 est.
280 2410 481 2460 Deinde
516 2410 716 2459 bonum
754 2407 991 2456 animum
1030 2405 1216 2453 habere
1255 2419 1338 2452 eas
1371 2402 1543 2467 jussit,
1578 2390 1733 2449 Darei
1771 2399 1941 2446 filium

110 2489 240 2538 collo
278 2504 369 2536 suo
405 2486 665 2547 admovit3
704 2487 858 2548 atque
894 2482 1068 2530 nihil¹⁰
1093 2481 1181 2529 ille
1206 2479 1519 2529 conterritus
1545 2477 1796 2526 cervicem
1833 2475 1942 2539 ejus

110 2565 354 2613 manibus
380 2561 729 2626 amplectitur.

44 2636 46 2638 ’
180 2644 255 2688 16.
298 2639 527 2687 Dareum
553 2637 617 2685 ad
642 2635 946 2700 Euphraten
972 2631 1375 2682 contendentem
1394 2627 1704 2684 Alexander,
1733 2626 1788 2675 id
1807 2626 1939 2691 quod

113 2715 373 2774 crederes,¹
399 2715 700 2778 persecutus
724 2728 831 2760 non
857 2713 949 2769 est,
976 2709 1063 2758 sed
1088 2708 1223 2757 nihil
1256 2707 1525 2771 antiquius
1549 2706 1760 2762 habens,
1787 2719 1944 2767 quam

114 2792 192 2841 ut²
229 2790 394 2839 terris³
426 2789 491 2838 ad
526 2804 667 2837 mare
702 2786 1059 2851 adjacentibus
1096 2785 1369 2850 potiretur,
1407 2782 1606 2847 Syriam
1643 2779 1806 2844 petiit.
1880 2778 1943 2825 In

117 2868 300 2916 itinere
325 2865 402 2915 illi
437 2865 640 2913 litterae
665 2880 694 2912 a
717 2863 883 2911 Dareo
908 2861 1204 2910 redduntur
1228 2861 1416 2924 quibus
1445 2858 1520 2906 ut⁴
1548 2857 1761 2920 superbe
1788 2854 1944 2917 scrip-

118 2943 182 2992 tis
207 2943 539 2993 vehementer
575 2940 799 2988 offensus
827 2941 916 2987 est.
987 2937 1268 3000 Praecipue
1295 2951 1415 2984 eum
1451 2935 1629 2992 movit,
1656 2932 1813 2996 quod⁵
1840 2930 1943 2978 Da-

176 3059 196 3091 1
209 3059 255 3093 5.
282 3059 294 3081 ¹
312 3059 383 3097 199,
399 3058 444 3090 R.
463 3058 492 3090 1.
553 3057 568 3078 2
584 3057 657 3095 292,
674 3056 717 3088 R.
736 3055 765 3088 1.
825 3054 840 3076 ³
856 3055 927 3093 284,
944 3054 988 3086 R.
1054 3054 1068 3075 ⁴
1085 3054 1157 3092 233,
1174 3054 1205 3084 2.
1266 3052 1281 3073 ⁵
1303 3052 1374 3083 400.
1435 3050 1448 3071 θ
1466 3051 1538 3087 346,
1556 3047 1638 3080 end.
1684 3047 1698 3067 ⁷
1715 3047 1784 3079 564.
1837 3046 1852 3067 ⁸
1869 3047 1941 3079 632.

117 3112 131 3132 ⁰
148 3113 219 3146 612.
267 3113 298 3135 ¹⁰
313 3114 386 3154 413,
402 3111 446 3145 R.
464 3114 495 3145 2.
628 3112 648 3145 1
661 3111 707 3146 6·
735 3112 746 3132 1
763 3111 836 3142 252.
882 3109 897 3131 2
913 3111 985 3152 556,
1003 3109 1044 3141 R.
1059 3110 1090 3142 3.
1137 3108 1151 3128 ³
1167 3109 1238 3140 405.
1288 3107 1303 3128 ⁴
1319 3108 1390 3145 604,
1408 3106 1451 3138 R.
1470 3107 1500 3137 2.
1547 3105 1562 3124 ⁵
1578 3105 1650 3136 525.
