2243 3465
204 151 269 199 26
903 160 1078 198 LATIN
1114 159 1355 197 READER.

820 308 862 347 6.
893 306 1137 348 Silentium
1165 308 1441 359 ambiguum.

270 389 662 453 Theophrastus
688 389 895 438 cuidam
921 388 974 437 in
1003 389 1244 440 convivia
1279 404 1492 453 prorsus
1529 387 1735 437 silenti:
1773 387 1829 438 Si
1866 388 2062 439 stultus

203 485 268 530 es,
294 470 484 534 inquit,
512 470 769 533 sapienter
795 469 919 534 agis,
946 476 989 519 si
1014 470 1232 534 sapiens,
1261 470 1438 518 stulte.

818 608 861 646 ’7.
888 606 1073 645 Dareus
1111 609 1159 645 et
1187 605 1406 657 Scythae.

268 686 486 747 Dareus,
528 687 811 752 Hystaspis
853 689 877 736 f
888 687 1025 747 ilius,
1047 694 1136 735 rex
1165 687 1454 746 Persarum,
1475 702 1597 735 cum
1622 691 1813 751 magne
1831 685 2062 734 exercita

202 771 463 816 invaserat
488 768 540 815 in
571 769 761 815 terram
789 767 1116 832 Scytharum.
1188 767 1410 833 Scythae
1430 767 1719 832 fugiebant.
1790 766 2061 814 Postrema

200 847 378 912 inopia
403 847 458 895 in
484 847 713 896 exercitii
750 847 1025 896 Persarum
1064 849 1307 896 exsistere
1348 847 1531 911 coepit.
1600 846 1678 895 Εό
1718 848 1949 910 tempore
1989 846 2061 894 le-

201 931 356 992 gatus
394 927 624 986 advenit,
669 934 760 992 qui
799 944 961 986 avem,
1004 933 1201 987 ranam,
1243 932 1448 976 marem
1487 929 1538 976 et
1575 926 1807 991 quinque
1847 927 2060 991 sagittas

202 1005 374 1056 Daree
423 1007 651 1056 tradidit.
734 1007 936 1056 Dareus
978 1009 1180 1057 laetus¹
1218 1008 1555 1057 exclamavit:
1604 997 1705 1067 En,
1731 1008 1907 1056 hostes
1951 1008 2060 1055 sese

201 1088 352 1136 nobis
396 1087 630 1137 dedunt!
722 1088 797 1136 At
834 1088 915 1137 vir
957 1089 1190 1152 sapiens:
1238 1088 1397 1137 Noli²
1451 1088 1566 1148 hec,
1605 1087 1799 1152 inquit,
1844 1093 2060 1151 sperare.

204 1165 426 1236 Scythae
450 1167 550 1216 hec
577 1168 744 1216 dicere
769 1169 985 1217 volunt:
1021 1167 1139 1217 Nisi
1165 1169 1225 1216 ut
1250 1174 1368 1216 aves
1392 1183 1484 1232 per
1507 1173 1676 1216 aerem
1702 1166 2060 1226 avolaveritis‚³

202 1251 295 1295 aut
329 1247 385 1295 in
425 1264 614 1312 aquam
653 1255 744 1298 ves
778 1248 1060 1297 mei-seritis
1103 1252 1163 1297 ut
1199 1254 1369 1308 ranae,
1395 1252 1487 1297 aut
1527 1263 1618 1313 per
1654 1252 1844 1297 terram
1865 1247 2063 1311 delapsi

203 1326 346 1375 eritis
371 1330 432 1375 ut
458 1335 645 1388 mures,
665 1329 761 1377 hae
799 1329 1018 1393 sagittae
1057 1334 1146 1377 ves
1182 1327 1506 1377 interiment.
1576 1328 1652 1377 Re
1678 1333 1801 1378 vera
1839 1326 2062 1391 Scythae

202 1410 318 1456 tum
362 1408 577 1457 demum
618 1409 816 1457 bellum
857 1409 1187 1473 inceperunt,
1230 1424 1289 1458 ac
1330 1412 1419 1459 vix
1464 1408 1670 1458 Dareus
1704 1411 1833 1458 'cum
1876 1406 2064 1471 exigua

201 1490 349 1552 parte
375 1489 633 1538 exercitas
660 1489 835 1539 evasit.

754 1582 857 1623 ¹324,
875 1582 922 1616 R.
939 1583 970 1616 6.
1097 1582 1199 1616 2264.
1327 1582 1432 1624 ³236,
1450 1582 1495 1617 R.
1513 1583 1545 1616 2.

826 1708 868 1746 8.
899 1707 1094 1747 Servilis
1122 1707 1438 1750 taciturnitas.

271 1789 482 1838 Marcus
525 1787 661 1849 Pisa,
699 1790 873 1837 erator
914 1789 1199 1848 Remanus,
1237 1793 1394 1838 servis
1437 1789 1781 1854 praeceperat,
1806 1788 1896 1836 ut²
1935 1787 2062 1837 taci-

203 1872 352 1918 turni
379 1872 550 1918 essent
574 1872 625 1917 et
650 1873 858 1917 tantum
886 1869 950 1917 ad
975 1869 1291 1934 interrogata
1315 1869 1704 1933 responderent.
1760 1867 2061 1932 Aliquando

205 1950 507 1999 convivium
543 1949 778 1998 instituit
791 1965 803 2010 3
843 1950 1097 1998 invitatus
1134 1954 1211 1998 est
1245 1949 1403 1997 etiam
1430 1948 1659 2008 Gladius,
1686 1952 1777 2013 qui
1812 1951 1928 1996 tum
1954 1964 2061 1996 ma-

206 2031 484 2096 gistratum
510 2031 731 2095 gerebat.
811 2029 958 2078 Hera
982 2032 1138 2078 cenae
1164 2029 1308 2078 venit
1323 2045 1336 2091 3
1374 2029 1568 2077 adsunt
1593 2035 1839 2077 convivae
1863 2043 2057 2087 omnes,

207 2112 347 2160 selus
376 2110 591 2158 Gladius
618 2111 1023 2173 exspectabatur.
1083 2108 1203 2157 Piso
1231 2125 1450 2168 servum,
1478 2113 1568 2173 qui
1594 2108 1792 2158 solebat
1818 2112 2061 2157 convivas

205 2196 401 2250 vocare,
451 2191 724 2253 aliquoties
771 2189 958 2248 emisit,
1008 2189 1332 2253 spectatum,2
1388 2205 1517 2237 num
1537 2189 1551 2210 ³
1605 2188 1836 2237 veniret.4
1925 2188 2061 2237 Cum

205 2272 580 2334 vesperasceret
605 2273 655 2317 et
680 2272 859 2318 omnes
884 2269 946 2318 de
974 2269 1086 2333 ejus
1112 2269 1341 2318 adventa
1362 2269 1710 2332 desperarent,
1740 2266 1856 2316 Pisa
1883 2268 2027 2316 serve
2048 2283 2059 2315 ε

207 2350 326 2409 Dic,
353 2349 541 2414 inquit,
568 2366 698 2397 num
720 2350 734 2370 ⁵
769 2350 900 2398 forte
940 2349 1185 2398 Cledium
1223 2355 1332 2397 nen
1367 2348 1605 2397 invitasti
1625 2348 1959 2405 P——Invitavi,
1984 2363 2060 2395 re-

208 2430 427 2494 spondet
453 2428 732 2478 ille.—Cur
756 2435 876 2493 erge
897 2429 1001 2477 nen
1022 2429 1169 2478 venit
1185 2428 1410 2488 ?—Quia
1429 2428 1795 2476 invitatienem
1816 2431 1962 2475 tuam
1985 2442 2059 2475 re-

207 2509 625 2558 casavit—Tum
666 2508 815 2557 Pise:
872 2508 1069 2572 Stipes!
1107 2513 1201 2558 cur
1237 2508 1291 2557 id
1327 2515 1433 2556 nen
1472 2508 1648 2556 statim
1675 2507 1854 2556 dixisti
1871 2506 2059 2556 ’.Ρ-ΒΘ-

207 2589 428 2653 spondet
453 2604 654 2637 servus:
693 2587 825 2647 Quia
849 2588 902 2637 id
919 2588 934 2610 ⁶
960 2595 1066 2636 nen
1095 2605 1208 2637 sum
1237 2589 1325 2637 abs
1350 2591 1402 2636 te
1429 2588 1479 2636 in
1491 2591 1794 2652 terrogatus.

451 2682 461 2702 1
480 2681 552 2713 546.
680 2680 696 2702 2
712 2682 784 2714 436.
912 2681 927 2703 ⁸
943 2682 1016 2715 462.
1145 2682 1159 2703 ⁴
1177 2682 1248 2715 469.
1377 2680 1392 2702 ⁵
1408 2681 1480 2714 458.
1610 2680 1625 2701 ⁶
1641 2681 1713 2720 333,
1732 2679 1775 2712 R.
1795 2679 1823 2712 1.

775 2792 816 2829 9.
845 2792 989 2831 Varia
1018 2792 1283 2842 sepultarae
1311 2803 1491 2842 genera.

277 2874 459 2924 Graeci
501 2878 551 2920 et
594 2873 818 2920 Remani
857 2875 1092 2921 mortuas
1135 2875 1229 2921 aut
1268 2873 1561 2920 humabant
1607 2873 1700 2920 aut
1746 2870 2059 2920 cremabant.

209 2953 654 3018 Antiquissimum
681 2954 818 2999 certe
845 2952 1136 3015 sepulturae
1172 2969 1337 3017 genus
1375 2952 1491 3011 fuit,
1518 2952 1608 3000 ut²
1647 2956 1784 2999 terra
1818 2951 2058 3013 contege·

210 3036 404 3083 rentur.
484 3030 742 3080 Redditur
789 3031 960 3079 enim²
1009 3035 1172 3080 terrae
1219 3047 1405 3094 corpus
1452 3036 1503 3080 et
1545 3029 1692 3095 quasi
1738 3032 2058 3093 operimenta

211 3112 392 3162 matris
431 3110 716 3160 obdacitur.
817 3110 1014 3158 Eodem
1058 3111 1194 3158 rits1³
1252 3112 1446 3159 nestris
1494 3124 1696 3174 quoque
1737 3107 2058 3172 temporibus
