2243 3465
273 154 369 202 110
971 167 1147 207 mmm
1183 169 1423 206 READER.

336 299 477 348 XLI.
514 299 666 349 Tunc
707 299 862 350 duces
903 301 1324 367 principesque⁴⁹⁸
1367 304 1699 366 Nerviorum,
1743 306 2102 372 quiffaliquem

269 375 519 424 sermonis
544 376 747 424 aditum
776 393 1085 442 causamque
1111 379 1371 429 amicitiae
1398 397 1518 429 cum
1546 381 1793 431 Cicerone
1825 383 2101 446 habebant,

268 451 492 515 colloqui
529 468 632 500 sese
659 453 788 502 velle
813 454 1012 503 dicunt.
1087 455 1246 504 Facta
1282 460 1536 519 potestate
1562 459 1739 507 eadem
1766 476 1895 523 quae
1920 461 2102 509 Ambi-

266 527 377 575 orix
406 544 526 576 cum
564 529 771 578 Titurio
798 535 969 594 egerat
1005 539 1440 582 commemorant:
1478 551 1687 583 omnem
1712 552 1818 584 esse
1854 537 1909 585 in
1946 539 2102 587 armis

268 604 507 664 Galliam,
537 605 822 656 Germanos
848 607 1094 656 Rhenum
1122 609 1382 669 transisse,
1416 610 1644 660 Caesaris
1680 613 2101 678 reliquorumque

265 681 482 731 hiberna
507 683 812 747 oppugnari.
890 684 1115 733 Addunt
1145 685 1301 734 etiam
1328 686 1388 735 de
1417 686 1595 735 Sabini
1632 692 1808 737 morte.
1887 690 2101 739 Ambio-

262 758 426 822 rigem
453 761 717 807 ostentant
753 760 871 808 fidei
908 761 1180 810 faciundae
1207 779 1373 812 causa.
1443 764 1688 813 Errare⁴⁹⁹
1715 781 1797 814 eos
1830 766 2031 825 dicunt,
2058 768 2100 816 si

262 835 601 899 quicquam⁵⁰⁰
626 838 689 885 ab
728 836 864 885 his⁵⁰¹
891 838 1192 900 praesidii⁵⁰²
1219 843 1426 903 sperent
1461 843 1549 904 qui
1589 841 1694 890 suis
1730 842 1941 891 rebus⁵⁰³
1969 843 2100 892 diffi-

262 911 482 973 dant;⁵⁰⁴
511 928 614 960 sese
656 915 831 961 tamen
878 914 977 962 hoc
1020 930 1125 963 esse
1164 916 1218 963 in
1258 916 1560 966 Ciceronem
1602 919 1961 982 populumque
2002 919 2101 967 Ro-

262 1004 478 1037 manum
519 990 694 1037 animo
736 990 853 1038 ut⁵⁰⁵
878 990 1013 1039 nihil
1052 991 1210 1039 nisi⁵⁰⁶
1236 992 1454 1042 hiberna
1494 999 1732 1043 recusent
1771 997 1924 1059 atque
1963 995 2101 1044 hanc

260 1064 632 1114 inveterascere
672 1067 1106 1115 consuetudinem
1137 1068 1332 1117 nolint:
1371 1069 1523 1118 licere
1549 1070 1653 1119 illis
1688 1071 2099 1120 incolumibus⁵⁰⁷

259 1158 349 1205 per
375 1157 424 1190 se
450 1157 511 1190 ex
548 1141 780 1191 hibernis
807 1142 1080 1204 discedere,
1111 1147 1162 1192 et
1198 1161 1553 1210 quascumque
1588 1146 1645 1195 in
1681 1152 1853 1210 partes
1878 1147 2099 1196 velint⁵⁰⁸

260 1217 371 1266 sine
405 1220 552 1266 metu
588 1219 859 1282 proficisci.
931 1220 1108 1269 Cicero
1145 1221 1210 1269 ad
1247 1222 1373 1271 haec
1411 1240 1578 1271 unum
1615 1223 1769 1272 modo
1803 1224 2098 1288 respondit:

258 1311 365 1343 non
393 1311 498 1343 esse
518 1295 954 1345 consuetudinem
976 1298 1157 1361 populi
1185 1298 1409 1347 Romani
1432 1300 1593 1348 ullam
1619 1300 1848 1364 accipere
1868 1303 1930 1349 ab
1952 1301 2097 1351 hoste

258 1373 458 1420 armato
492 1372 877 1421 condicionem:
916 1373 956 1422 si
993 1375 1054 1422 ab
1092 1374 1249 1423 armis
1285 1375 1545 1425 discedere
1570 1377 1749 1436 velint,
1777 1393 1826 1426 se
1863 1377 2098 1442 adjutore

259 1448 536 1496 utantur⁵⁰⁰
573 1449 872 1513 legatosque
911 1450 977 1498 ad
1018 1451 1285 1499 Caesarem
1326 1452 1569 1501 mittant:
1618 1470 1818 1518 sperare
1856 1470 1949 1518 pro
1988 1454 2099 1519 ejus

254 1523 515 1588 justitia⁶¹⁰
541 1540 671 1588 quae
696 1526 944 1589 petierint
970 1527 1407 1591 impeti·atm·os.⁵¹¹

323 1600 492 1649 XLII.
529 1602 612 1650 Ab
640 1602 737 1650 hac
763 1603 906 1666 spe512
939 1604 1132 1668 repulsi
1159 1605 1341 1654 Nervii
1367 1607 1502 1654 vallo
1528 1606 1720 1670 pedum
1747 1607 1867 1654 ΙΧ513
1888 1610 1938 1655 et
1964 1609 2098 1658 fossa

256 1677 448 1741 pedum
491 1691 567 1727 XV
608 1679 828 1728 hiberna
867 1680 1104 1745 cingunt.
1187 1681 1333 1731 Haec
1374 1686 1426 1731 et
1468 1683 1793 1747 superiorum
1836 1700 2095 1733 annorum

310 1791 423 1833 XLI.
446 1791 497 1813 ⁴¹⁹⁸
516 1793 672 1833 Duces
710 1794 1060 1845 principesque:
1106 1796 1151 1836 C.

255 1846 303 1893 i.,
326 1848 395 1885 11.
455 1847 505 1887 G.
527 1848 619 1887 478.

310 1900 360 1920 ⁴¹⁹⁹
384 1902 560 1940 Errare
581 1901 620 1940 si
646 1906 855 1951 sperent:
887 1903 933 1944 Ο.
957 1903 1008 1944 R.
1032 1916 1154 1943 erra-

255 1954 314 1992 tis
337 1955 376 1993 si
396 1955 604 2005 speratis.
663 1957 712 1996 Gr.
736 1957 829 2003 660,
854 1958 892 1998 8.

311 2008 365 2029 ⁵⁰⁰
391 2009 438 2048 Si
468 2010 718 2060 quicquam
755 2013 971 2061 sperent:
1020 2011 1153 2060 Quis-

256 2074 394 2112 quam
432 2065 636 2104 involves
674 2077 700 2103 a
738 2067 948 2117 negative
982 2067 1149 2115 notion,

257 2117 362 2155 523.
420 2119 470 2158 G.
497 2118 589 2158 304.

310 2170 363 2191 ⁵⁰¹
383 2172 497 2211 His:
529 2173 574 2212 C.
597 2186 717 2220 xxv„
745 2172 847 2211 321.
906 2174 957 2214 G.
979 2174 1070 2214 620.

309 2224 364 2245 ⁵⁰2
383 2226 639 2266 Praesidii:
672 2227 716 2267 C.
739 2227 797 2274 ii.‚
823 2229 897 2266 44.
955 2229 1004 2268 G.
1028 2229 1118 2269 371.

310 2278 365 2299 ⁵⁰³
389 2279 493 2318 Suis
526 2281 695 2320 rebus:
750 2282 795 2322 C.
832 2283 1009 2330 xxviii„
1043 2282 1152 2321 476.

256 2333 307 2372 G.
334 2334 424 2374 678.

311 2386 364 2407 ⁵⁰⁴
385 2387 475 2436 Qui
505 2386 741 2428 diffidant:
774 2389 1072 2441 Subjunctive
1103 2404 1152 2429 or
1198 2389 1236 2429 R

254 2442 495 2480 indicative
516 2443 561 2480 in
583 2443 629 2482 O.
651 2443 699 2482 R.
742 2443 1053 2494 Subjunctive,
1069 2457 1150 2484 see-

255 2496 331 2546 73129
353 2496 451 2535 that
481 2496 578 2547 they
599 2497 794 2537 distrust.
858 2498 906 2536 G.
932 2498 1022 2538 636.
1083 2499 1150 2537 In-

254 2550 458 2596 dicative,
481 2552 577 2602 for,
610 2551 660 2590 in
691 2552 785 2590 that
820 2552 916 2602 they
948 2553 1150 2593 distrust.

255 2604 306 2643 Gr.
330 2604 419 2643 627.

309 2657 363 2677 ⁰⁰5
386 2659 451 2696 Ut
484 2658 897 2699 nihil—recusent:

258 2712 363 2750 118.
422 2712 471 2750 Gr.
495 2713 588 2755 543
609 2712 645 2752 4.

310 2765 364 2784 ⁵⁰⁶
384 2765 517 2803 Nihil
546 2766 658 2806 nisi:
689 2767 794 2804 Nisi
824 2769 860 2807 is
882 2769 1007 2806 often
1040 2768 1149 2807 used

254 2820 373 2857 after
404 2821 611 2869 negative
643 2826 873 2860 sentences
900 2835 948 2860 or
969 2823 1149 2872 equiva-

254 2873 370 2910 lents
392 2873 437 2910 in
459 2873 535 2911 the
558 2887 684 2912 sense
702 2875 748 2912 of
770 2875 857 2921 but,
871 2875 983 2924 only,
997 2880 1150 2926 arrepti,

253 2926 421 2973 hawide&
449 2939 481 2965 c.
507 2928 616 2973 xiii„
642 2928 752 2966 205.
811 2929 860 2968 G.
883 2931 976 2975 502,
1003 2930 1052 2968 R.
1076 2932 1110 2969 2.

308 2978 361 2999 ⁵⁰⁷
385 2980 552 3017 Licere
581 2981 675 3019 illis
713 2982 1024 3021 incolumibus
1061 2984 1150 3021 dis-

254 3033 441 3072 cedere:
469 3034 577 3072 This
600 3036 833 3073 attraction
856 3038 904 3074 of
925 3036 1002 3075 the
1024 3049 1147 3075 accu-

255 3088 396 3126 sative
435 3089 660 3138 predicate
707 3090 756 3127 of
803 3089 880 3128 the
928 3091 1149 3129 infinitivo

256 3139 528 3185 (incolumes
551 3142 808 3194 discedere)
838 3144 931 3183 into
952 3144 1029 3183 the
1051 3157 1148 3184 case

969 2662 1014 2700 o.
1060 2661 1151 2708 vii„

1197 1797 1248 1835 of
1295 1797 1373 1836 the
1421 1798 1569 1849 object
1617 1797 1744 1848 (illis)
1786 1799 1824 1837 is
1866 1799 2007 1838 found
2049 1800 2096 1840 in

1197 1851 1408 1890 standard
1446 1864 1576 1902 prose
1617 1852 1779 1903 chiefly
1818 1853 1929 1892 with
1967 1854 2093 1893 licet.

1198 1905 1248 1944 G.
1270 1906 1363 1952 535,
1393 1906 1443 1945 R.
1466 1906 1503 1945 2.

1252 1959 1306 1978 ⁵⁰⁸
1326 1960 1649 2008 Quascumque
1668 1959 1718 1997 in
1744 1963 1900 2010 partes
1918 1961 2094 2002 velint:

1198 2013 1245 2053 Ο.
1269 2013 1318 2052 R.
1349 2014 1516 2052 volunt
1545 2026 1594 2052 or
1621 2014 1799 2052 volent.
1856 2015 1907 2055 G.
1928 2015 2023 2063 246,
2044 2016 2095 2057 R.

1198 2071 1245 2115 4;
1275 2067 1367 2113 234,
1391 2068 1439 2107 R.
1462 2069 1499 2108 2.

1252 2119 1307 2139 ⁵⁰⁹
1331 2121 1548 2160 Utantur:
1572 2120 1731 2173 Imper.
1744 2123 1948 2162 becomes
1961 2122 2089 2175 Subj.

1201 2174 1247 2212 in
1268 2174 1315 2213 O.
1342 2174 1389 2213 O.
1451 2176 1501 2214 G.
1526 2176 1616 2215 655.

1251 2228 1299 2251 ⁵¹⁰
1321 2228 1416 2266 Pro
1455 2228 1551 2277 ejus
1583 2228 1789 2277 justitia:
1832 2227 1889 2268 In
1928 2230 2095 2269 accord-

1197 2294 1302 2322 ance
1337 2282 1438 2322 with
1472 2283 1539 2322 lais
1567 2294 1684 2321 sense
1714 2284 1767 2333 of
1783 2282 1955 2333 justice.
1989 2283 2094 2322 suala

1197 2337 1317 2387 beiny
1350 2336 1418 2376 his
1450 2348 1567 2376 sense
1600 2337 1653 2387 of
1677 2336 1849 2387 justice.
1925 2337 1975 2376 Gr.
2000 2338 2094 2384 618,

1251 2443 1303 2464 ⁶¹¹
1324 2445 1453 2492 Quae
1482 2443 1722 2493 petierint:
1754 2443 1805 2482 In
1836 2444 1945 2483 such
1968 2457 2091 2484 cases

1197 2497 1273 2536 the
1289 2504 1467 2536 context
1482 2498 1609 2536 alone
1625 2511 1705 2536 can
1720 2498 1872 2536 decide
1887 2498 2094 2537 whether

1195 2552 1415 2601 petierint
1428 2553 1616 2602 (perfect
1631 2553 1936 2603 subjunctive)
1952 2565 2090 2603 repre-

1197 2611 1318 2646 sents
1343 2605 1524 2655 petistis
1548 2606 1736 2656 (perfect
1767 2606 2023 2655 indicative)
2044 2618 2093 2644 or

1195 2660 1427 2709 petieritis
1442 2661 1614 2709 (future
1630 2660 1803 2710 perfect
1822 2660 2090 2711 indicative).

1197 2714 1313 2752 Here
1335 2714 1369 2752 it
1392 2714 1427 2752 is
1449 2713 1525 2752 the
1547 2714 1725 2753 former.
1785 2714 1834 2753 G.
1857 2714 1949 2759 514,
1972 2714 2022 2753 R.

1250 2768 1386 2806 XLII.
1404 2767 1451 2790 ⁵¹²
1469 2769 1546 2806 Ab
1566 2767 1655 2805 hac
1676 2779 1755 2816 spe
1771 2767 1969 2816 repulsi:
1996 2768 2090 2806 Pic-

1195 2826 1408 2872 turesquc
1432 2834 1509 2860 use
1531 2822 1578 2860 of
1599 2821 1676 2860 the
1696 2822 1970 2872 preposition
1989 2822 2036 2860 in
2066 2833 2093 2861 a

1195 2876 1333 2914 moral
1359 2876 1557 2914 relation.
1617 2876 1667 2914 G.
1695 2875 1785 2915 388.

1249 2928 1298 2949 ⁵¹³
1321 2930 1502 2967 Pedum
1539 2940 1714 2967 novem
1736 2944 1744 2968 ε
1794 2929 2002 2968 Genitive
2041 2929 2092 2968 of

1194 2984 1367 3033 quality
1390 2985 1458 3032 (G.
1482 2983 1591 3032 364),
1613 2984 1744 3034 {eret
1769 2982 1912 3034 (high)
1932 2997 1940 3029 ;
1968 2981 2089 3022 fossa

1193 3038 1364 3086 pedum
1404 3037 1681 3087 quindecim,
1718 3037 1767 3075 15
1797 3038 1890 3087 feet
1925 3037 2088 3087 (wide).

1194 3090 1290 3129 The
1323 3090 1463 3128 width
1498 3091 1535 3129 is
1570 3091 1738 3140 always
1773 3095 1924 3128 meant
1954 3090 2084 3130 when

1193 3144 1270 3183 the
1291 3144 1429 3195 depth
1452 3145 1488 3183 is
1511 3150 1586 3183 not
1607 3144 1858 3195 expressed.
