2243 3465
682 109 753 144 DE
790 107 975 142 GESTIS
1012 105 1366 141 ALEXANDRI.
1876 98 1938 140 39

100 243 225 294 socii
249 242 596 307 victoriaeque
631 241 922 305 participeS,
951 239 1154 289 excidia
1178 238 1390 287 urbium
1422 253 1635 286 suarum
1663 235 1937 285 crudelita-

100 323 308 385 temque
335 320 704 368 Thebauorum
731 318 1046 376 referebant,
1086 315 1260 365 studia
1283 315 1338 362 in
1367 315 1546 363 Persas
1572 330 1674 361 non
1701 328 1937 376 praesen-

101 398 174 447 tia
210 399 431 455 tantum,
459 411 640 443 verum
677 393 834 443 etiam
869 399 1042 442 vetera
1077 392 1322 441 adversus
1362 390 1605 440 Graeciae
1644 390 1935 437 libertatem

100 473 426 537 increpantes
441 488 454 533 ;
486 471 745 534 adjiciunt
769 469 924 518 etiam
952 470 1203 517 scelerum
1226 469 1458 532 priorum
1489 467 1704 523 fabulas,
1726 469 1786 513 ut
1811 465 1936 513 non'

100 549 356 614 praesenti
395 552 599 596 tantum
637 546 865 610 perfidia,
902 562 1083 594 verum
1119 545 1275 593 etiam
1312 546 1481 592 vetere
1518 543 1738 591 iufamia
1780 543 1937 590 invisi

101 628 284 675 forent.
354 626 537 689 Itaque
579 624 702 671 urbs
738 623 982 680 diruitur,
1020 621 1130 686 agri
1172 621 1312 669 inter
1347 621 1567 669 victores
1610 618 1937 678 dividuntur,

101 702 295 766 captivi
344 701 440 750 sub
483 716 674 749 corona
719 702 963 748 veneunt.
1072 697 1218 747 Solis⁴¹
1282 697 1496 746 Pindari
1544 695 1676 745 vatis
1721 696 1938 760 posteris

100 779 476 843 penatibusque
502 777 641 841 parci
665 775 834 840 jussit.

168 851 210 902 6.
249 853 492 903 Graeciae
529 853 682 902 rebus
718 851 1032 915 compositis,
1058 851 1274 899 ineunte
1297 866 1413 899 vere
1450 849 1577 898 anni
1614 847 1938 912 insequentis

104 931 168 996 (a.
195 931 328 995 334.)
366 929 697 995 proficiscens
733 928 799 977 ad
833 928 1030 977 bellum
1068 927 1335 977 Persicum
1371 925 1750 991 patrimonium
1786 940 1938 973 omne

101 1023 253 1056 suum
298 1007 478 1056 amicis
518 1006 722 1065 dividit,
765 1005 863 1053 sibi
904 1004 1086 1053 Asiam
1127 1005 1360 1052 sufficere
1402 1003 1677 1067 praefatus.
1760 1001 1939 1049 Etiam

101 1085 309 1144 milites,
336 1083 486 1132 obliti
523 1098 702 1131 omnes
738 1082 1023 1146 conjugum
1057 1081 1444 1144 liberorumque-
1470 1084 1522 1127 et
1558 1077 1876 1142 longinquae
1910 1093 1940 1125 a

101 1161 254 1210 domo
296 1159 529 1219 militiae,
577 1158 844 1209 Persicum
882 1173 1072 1205 aurum
1107 1160 1159 1205 et
1201 1156 1361 1205 totius
1400 1155 1629 1204 Orientis
1672 1170 1791 1218 opes
1828 1154 1939 1218 jam

101 1237 247 1302 quasi
290 1253 439 1286 suam
480 1236 723 1300 praedam
767 1234 1030 1283 ducebant
1071 1250 1166 1282 nec
1208 1234 1447 1282 laborum
1482 1231 1939 1296 periculorumque

102 1313 461 1371 meminerant.
535 1311 818 1376 Antipatro
838 1327 961 1360 cum
981 1310 1255 1359 duodecim
1282 1309 1494 1357 milibus
1520 1309 1773 1372 peditum,
1796 1307 1939 1354 mille

102 1390 404 1455 quingentis
439 1389 700 1454 equitibus
736 1387 878 1436 domi
913 1387 1108 1447 relicto,
1136 1389 1197 1435 ut
1234 1385 1567 1434 Macedoniae
1594 1384 1940 1448 Graeciaeque

103 1468 254 1516 rebus
295 1469 564 1532 praeesset,
606 1466 713 1529 ipse
755 1480 875 1513 cum
916 1463 1130 1512 milibus
1172 1463 1378 1511 circiter
1426 1461 1646 1526 triginta
1685 1460 1940 1524 peditum,

102 1544 332 1609 quinque
352 1543 590 1608 equitum
615 1541 1022 1604 Hellespontum
1047 1539 1265 1604 trajecit.
1336 1538 1471 1587 Cum
1498 1553 1653 1586 naves
1678 1538 1731 1584 in
1760 1537 1941 1584 Asiam

103 1621 403 1685 appulisset,
426 1620 628 1684 primus
653 1617 951 1666 Alexander
970 1616 1208 1681 jaculum
1233 1616 1289 1664 in
1319 1618 1505 1663 terram
1533 1614 1661 1678 jecit
1686 1615 1941 1662 armatus-

103 1714 203 1762 que
244 1697 306 1746 de
349 1697 469 1745 navi
511 1695 757 1761 prosiluit
798 1698 953 1759 atque
997 1693 1191 1742 hostias
1233 1692 1420 1741 cecidit
1459 1691 1735 1755 precatus,l
1761 1706 1826 1737 ne
1870 1688 1940 1737 se²
1980 1736 1983 1738 ,

104 1790 277 1839 regem
302 1773 420 1822 illae
447 1776 610 1821 terrae
635 1771 828 1820 invitae
853 1771 1160 1834 acciperent.
1231 1769 1296 1817 In
1322 1768 1420 1816 Ilio
1442 1784 1647 1833 quoque
1674 1768 1735 1816 ad
1765 1770 1943 1814 tumu-

104 1851 180 1900 los
204 1850 437 1909 heroum,
463 1849 553 1914 qui
590 1849 816 1914 Trojano
851 1848 985 1896 bello
1011 1846 1318 1905 ceciderant,
1344 1845 1650 1908 pareutavit.
1722 1844 1855 1892 Cum
1882 1843 1938 1891 in

107 1926 256 1991 Sigeo
292 1926 358 1975 ad
393 1925 617 1975 Achillis
664 1925 935 1973 tumulum
982 1922 1293 1972 adstitisset:
1346 1921 1386 1970 Ο
1428 1923 1704 1979 fortunate,
1747 1920 1941 1984 inquit,

106 2004 422 2061 adulescens,
448 2002 538 2066 qui
573 2005 694 2050 tuae
725 2000 938 2049 virtutis
974 1999 1268 2047 Homerum
1303 2013 1610 2062 praeconem
1647 1996 1943 2045 inveneris.8

106 2080 179 2131 Et
202 2096 316 2130 vere
332 2095 345 2140 ;
382 2095 504 2127 nam
531 2077 631 2127 nisi
666 2077 788 2126 Ilias
812 2077 903 2124 illa
927 2076 1224 2134 exstitisset,
1249 2074 1389 2122 idem
1426 2073 1680 2133 tumulus,
1707 2072 1797 2138 qui
1834 2088 1943 2121 cor-

106 2171 204 2222 pus
229 2159 540 2215 contexerat,
566 2170 756 2203 nomen
783 2153 941 2201 etiam
966 2152 1235 2201 obruisset.

175 2236 218 2284 7.
254 2232 492 2281 Primum
541 2231 678 2281 cum¹
709 2230 947 2278 hostibus
994 2228 1144 2293 signa
1193 2226 1420 2276 contulit
1466 2226 1606 2291 apud
1655 2225 1943 2275 Granicum

108 2309 303 2374 Mysiae
328 2324 550 2357 amnem.
620 2307 699 2355 Ibi
735 2322 856 2355 cum
893 2304 1184 2363 Parmenio,
1210 2320 1275 2352 ne
1307 2303 1363 2351 in
1390 2305 1672 2369 conspectu
1709 2302 1944 2351 hostium

109 2386 305 2435 flumen
346 2383 670 2450 profundum
718 2382 946 2447 ripisque
991 2380 1286 2445 praeruptis
1333 2379 1596 2438 transiret,
1633 2379 1943 2437 hortaretur,

108 2462 239 2512 lusit
276 2464 489 2510 cautum
526 2461 680 2508 illum
716 2459 944 2507 amicum
980 2474 1085 2517 rex,
1123 2473 1244 2506 cum
1281 2456 1509 2515 dice1·et‚‘·'
1536 2455 1944 2505 erubescendum

110 2539 449 2602 Hellesponto
476 2538 598 2596 fore,
620 2537 661 2585 si
687 2536 777 2584 illo
798 2534 1100 2583 transmisso
1126 2533 1298 2581 rivum
1325 2532 1542 2581 transire
1568 2532 1942 2590 cunctaretur,³

111 2615 360 2680 signoque
385 2613 506 2661 dato
541 2613 743 2677 primus
781 2610 1020 2660 omnium
1045 2626 1165 2659 cum
1202 2609 1438 2673 equitatu
1476 2608 1672 2658 fiumen
1708 2609 1945 2672 perrupit

111 2695 264 2755 atque
284 2691 454 2738 hostes
475 2689 676 2738 invasit.
729 2687 937 2736 Acriter
956 2689 1279 2751 pugnantem
1300 2685 1404 2733 duo
1423 2686 1691 2734 fortissimi
1716 2686 1743 2732 h
1753 2688 1943 2733 ostium

112 2767 268 2816 duces
293 2765 689 2831 aggrediuntur,
715 2780 939 2828 quorum
965 2763 1096 2811 alter
1120 2761 1293 2827 gladio
1318 2763 1517 2826 galeam
1544 2762 1653 2826 ejus
1681 2761 1945 2809 discindit.

111 2843 278 2892 Hunc
302 2842 430 2891 dum
454 2842 605 2891 hasta
628 2840 924 2905 t1·ansfigit,⁴
945 2840 1075 2888 alter
1099 2839 1152 2887 iu
1180 2838 1383 2886 nudum
1406 2843 1565 2902 caput
1590 2837 1752 2887 aversi
1779 2839 1944 2885 ictum

113 2921 342 2984 parabat,
361 2934 482 2967 cum
509 2918 678 2967 Clitus
703 2916 1062 2965 animadverso
1086 2914 1317 2979 periculo
1341 2914 1563 2973 advolat,
1582 2930 1751 2978 regem
1778 2913 1943 2977 clipeo

174 3038 389 3078 ³⁵45‚R.2.
454 3037 559 3072 ⁴208.
700 3035 939 3072 emman.
1005 3035 1110 3068 2521.
1176 3034 1279 3068 tem.
1420 3033 1705 3072 7.1346,R.1.
1773 3032 1938 3073 258an

115 3090 129 3114 ⁸
144 3092 219 3133 598,
235 3091 278 3125 R.
296 3093 328 3125 3.
373 3090 389 3113 ⁴
405 3090 478 3124 572.

2240 534 2243 538 r
2237 463 2243 484 .-
2236 362 2243 446 „Lu-n
2222 119 2243 348 nmAQ2A2'A
2230 62 2232 65 '
