2243 3465
573 131 833 167 FABULAE
870 129 1101 165 AETArrs
1137 130 1434 166 ΗΕΒΟΙΟΑΕ.
1861 122 1925 170 23

79 264 238 315 §runt
273 263 323 310 et
360 261 572 326 Trojam
598 269 896 327 oppugnare
921 264 1215 325 coeperunt.
1289 262 1483 310 Hostes
1526 261 1833 311 moenibus'
1869 269 1925 312 εὖ

78 341 487 390 continuerunt:
525 342 725 390 decimo
751 343 963 390 demum
990 348 1128 389 anno
1167 341 1275 390 acis:
1312 344 1607 406 pugnatum
1640 341 1748 389 est.³
1831 342 1926 391 Po-

78 426 269 469 stremo
290 421 523 470 Achilles
541 421 730 470 occidit
751 421 1032 470 Hectorem
1052 424 1102 468 ct
1118 421 1182 469 ad
1203 437 1415 469 currum
1437 421 1712 485 religatum
1733 422 1746 442 ⁴
1771 423 1928 470 traxit

78 500 212 548 circa
237 505 415 549 muros
443 501 812 565 Trojanorum.
903 501 1086 564 Neque
1109 501 1124 521 ⁵
1165 505 1339 548 tamen
1367 501 1489 548 urbs
1515 504 1813 564 expugnata
1837 507 1926 549 est.

77 579 215 628 Nam
264 579 409 628 Paris
455 580 678 628 Achilli⁶
728 580 909 638 talum,
947 596 1101 643 quem
1149 580 1319 628 solum
1367 579 1640 628 mortalem
1687 579 1927 637 habebat,

77 660 267 724 sagitta
289 660 553 723 percussit.
622 659 862 724 Denique
884 659 1065 708 Graeci
1090 675 1211 708 cnm
1237 675 1326 722 per
1351 659 1526 708 decem
1564 665 1731 708 annos
1748 659 1762 682 ⁷
1801 660 1928 707 Tro-

76 739 181 804 jam
218 755 396 803 capere
434 745 539 787 non
575 740 880 802 potuissent,
922 739 1100 802 Epeus
1142 738 1386 787 monitu⁸
1428 738 1692 787 Minervae
1735 755 1927 803 equum

77 825 237 867 mirae
283 819 665 883 magnitudinis
682 819 696 841 ⁹
746 836 807 867 ex
847 819 992 884 ligno
1013 820 1044 840 ¹⁰
1086 818 1225 878 fecit,
1268 818 1319 867 in
1368 825 1472 883 quo
1523 818 1778 882 scriptum
1821 822 1928 867 est:

78 898 247 947 Danai
274 899 535 948 Minervae
561 899 700 947 dono
727 899 866 948 dant.
935 900 1000 948 In
1037 902 1272 949 ventrem
1315 899 1609 962 complures
1650 899 1834 947 heroes
1873 906 1925 947 se

77 978 442 1027 condiderunt.
501 979 706 1043 Reliqui
732 986 887 1028 naves
912 980 966 1028 in
990 996 1127 1028 mare
1145 979 1480 1027 deduxerunt
1496 981 1547 1027 et
1568 979 1927 1028 discesserunt.

78 1058 307 1122 Tl‘ojani,
333 1058 513 1106 dolum
539 1065 647 1107 non
669 1059 928 1118 timentes,
954 1075 1146 1123 equum
1171 1058 1226 1107 in
1253 1060 1436 1107 urbem
1473 1061 1750 1107 traxerunt
1784 1063 1835 1107 et
1863 1075 1925 1107 ex

77 1137 282 1185 diutino
308 1138 481 1187 labore
505 1140 670 1202 quieti
696 1141 747 1188 se
774 1139 1044 1187 dederunt.
1112 1139 1186 1186 At
1223 1141 1385 1186 noctu
1422 1137 1610 1187 Graeci
1647 1154 1768 1186 cum
1806 1145 1927 1202 pro-

75 1217 338 1266 venissent
373 1234 435 1266 ex
461 1225 608 1282 equo,
635 1221 826 1267 necant
851 1219 1107 1278 custodes,
1129 1222 1179 1266 et
1205 1218 1383 1276 socios,
1409 1224 1500 1282 qui
1535 1217 1589 1265 in
1617 1217 1787 1266 insula
1812 1234 1928 1281 pro-

75 1296 272 1360 pinqua
296 1302 610 1357 manserant,
637 1298 783 1362 signo
810 1298 932 1347 dato
969 1298 1239 1346 advocant.
1311 1297 1536 1345 Plurimi
1573 1297 1927 1360 Troianorum

76 1376 380 1424 caeduntur.
452 1377 738 1437 Priamum,
759 1394 880 1426 cum
904 1377 960 1425 in
987 1384 1128 1426 {iram
1154 1376 1488 1442 confugisset,
1509 1377 1713 1426 hostilis
1739 1392 1926 1426 manus

74 1455 358 1505 interemit.
433 1456 517 1506 Sic
543 1457 701 1521 Troja
725 1459 900 1506 diruta
924 1460 1014 1506 est.

158 1549 171 1571 ¹
188 1549 260 1589 384,
278 1549 322 1583 R.
342 1550 371 1583 1.
498 1550 514 1572 ²
530 1551 601 1583 387.
730 1550 744 1572 ³
759 1551 830 1591 199,
848 1550 889 1583 R.
910 1550 938 1583 1.
1067 1550 1082 1572 ⁴
1099 1550 1170 1588 667,
1188 1549 1232 1582 R.
1252 1548 1282 1582 1.
1410 1548 1426 1570 ⁶
1441 1549 1514 1582 482.
1641 1548 1656 1570 ⁰
1672 1549 1745 1589 343,
1762 1549 1808 1582 R.
1826 1550 1858 1583 2.

559 1619 574 1641 ⁷
593 1620 665 1659 337,
685 1619 728 1652 R.
856 1618 872 1640 ⁸
887 1619 959 1652 407.
1088 1618 1102 1640 ⁹
1120 1618 1191 1651 364.
1321 1617 1352 1639 ¹⁰
1369 1617 1442 1650 396.

142 1728 324 1778 Graeci
349 1745 469 1778 cum
495 1729 710 1778 domum
735 1729 977 1789 redirent,
1004 1730 1162 1777 multi
1180 1727 1453 1793 naufragio
1474 1727 1485 1749 ¹
1522 1727 1807 1792 perierunt,
1835 1728 1925 1778 alii

74 1809 470 1873 tempestatibus
495 1809 655 1858 delati
680 1810 770 1858 diu
793 1809 848 1857 in
866 1815 998 1858 mari
1023 1811 1341 1857 erraverunt.
1411 1807 1712 1855 Menelaum
1736 1810 1926 1858 ventus

74 1887 266 1936 detulit
306 1889 362 1937 in
405 1889 720 1954 Aegyptum,
759 1889 897 1938 unde
938 1891 1080 1953 post2
1142 1892 1385 1938 octavum
1427 1903 1629 1936 annum
1657 1904 1816 1952 quam
1862 1888 1925 1938 ab

72 1957 173 2018 'Ilio
191 1968 206 1990 ³
243 1968 545 2028 decesserat,
572 1985 694 2017 cum
719 1969 919 2018 Helena
942 1969 998 2017 in
1023 1967 1248 2032 patriam
1272 1966 1441 2016 rediit.

622 2061 635 2083 ι
654 2063 726 2102 205,
744 2061 790 2095 R.
809 2062 838 2095 1.
925 2061 940 2083 2
956 2062 1029 2094 566.
1116 2060 1130 2082 ⁸
1147 2061 1220 2101 411,
1238 2060 1282 2094 R.
1302 2061 1332 2094 1.

847 2183 917 2220 14.
948 2182 1148 2221 Orestes.

139 2277 505 2341 Agamemnon
548 2290 665 2323 cum
712 2275 1016 2334 revertisset,
1043 2274 1349 2323 interfectus
1388 2275 1465 2322 est
1506 2274 1569 2322 ab
1593 2271 1847 2337 Aegistho
1873 2276 1925 2321 et

75 2355 486 2420 Clytaemnestra
534 2361 709 2415 uxore,
752 2369 881 2419 quae
929 2355 1037 2403 illi¹
1087 2356 1347 2417 nupserat.
1438 2353 1579 2402 Nam
1621 2352 1677 2401 in
1724 2351 1923 2400 balneis

74 2437 487 2501 Clytaemnestra
511 2439 704 2483 vestem
730 2435 890 2499 capit-i
906 2435 921 2457 ²
957 2434 1068 2499 ejus
1094 2434 1279 2498 injecit
1304 2436 1355 2482 et
1380 2432 1585 2481 adulter
1611 2435 1777 2481 securi
1801 2447 1923 2480 eum

37 2514 339 2580 spercussit.
409 2516 482 2563 At
519 2504 743 2576 Electra,
787 2515 1200 2579 Agamemnonis
1242 2511 1383 2572 filia,
1429 2511 1665 2562 Orestem
1707 2511 1923 2559 fratrem

73 2596 330 2643 infantem
373 2594 593 2643 servavit
634 2596 685 2642 et
726 2594 790 2642 ad
833 2593 1139 2658 Strophium
1179 2591 1384 2640 detulit.
1475 2591 1610 2641 Cum
1649 2590 1761 2654 ejus
1797 2590 1823 2638 f
1833 2590 1924 2637 ilio

74 2674 263 2738 Pylade
302 2673 529 2722 adolevit
566 2676 617 2722 et
655 2673 898 2723 intimam
939 2672 1223 2721 amicitiam
1261 2670 1456 2736 junxit.
1535 2670 1817 2734 Postquam
1859 2669 1924 2720 ad

73 2755 312 2817 puberem
364 2755 585 2801 aetatem
627 2752 807 2812 venit,³
863 2769 983 2801 cum
1021 2751 1112 2799 illo
1153 2751 1400 2816 Mycenas
1445 2750 1722 2814 profectus,
1761 2747 1923 2811 patris

76 2832 359 2880 ulciscendi
383 2835 535 2881 causa
555 2832 569 2853 ⁴
599 2835 818 2880 matre-m
844 2835 894 2880 et
914 2832 1231 2894 Aegisthum
1251 2829 1454 2879 occidit.
1506 2830 1580 2877 At
1603 2827 1922 2891 parricidam

73 2911 260 2960 Furiae
286 2911 567 2975 agitabant.
656 2911 840 2976 Itaque
867 2912 1077 2959 oraculo
1114 2912 1325 2974 accepto
1352 2915 1505 2957 amici
1542 2908 1921 2957 Chersonesum

74 2991 353 3039 Tauricam
389 2989 806 3054 proficiscuntur,
833 2993 892 3038 ut
918 2990 981 3038 dc
1020 2989 1215 3053 templo
1258 2986 1458 3037 Dianae
1499 2987 1709 3051 signum
1750 2985 1920 3050 Argos

75 3071 328 3119 afferrent.
420 3070 500 3118 Ibi
549 3071 796 3135 regnabat
837 3070 1024 3130 'shoaS,
1072 3075 1157 3118 cui
1195 3074 1308 3118 mos
1346 3069 1470 3127 erat,
1508 3066 1605 3115 ut‘
1651 3063 1920 3129 hospitum
