2243 3465
214 155 309 203 118
912 163 1086 200 LA'riN
1123 161 1363 199 READER.

211 292 317 340 fore
342 292 681 356 potestatem:
716 290 833 340 ac⁶¹³
860 291 933 340 sic
970 296 1170 342 nostros
1207 295 1642 357 contempserunt
1677 295 1739 343 ut
1768 294 2048 344 obstructis

210 368 265 415 in
306 367 529 431 speciem
568 367 733 431 portis
772 368 993 432 singulis
1033 369 1306 418 ordinibus
1343 370 1645 434 caespitum,
1672 371 1812 434 quod
1847 387 1905 420 ea
1940 388 2047 420 non

210 460 357 506 posse
381 444 766 508 introrumpere
792 445 1008 494 videban
1020 448 1120 504 tur,
1146 446 1231 494 alii
1261 446 1457 495 vallum
1495 463 1656 495 manu
1686 447 1934 508 scindere,
1959 449 2047 497 alii

209 520 371 569 fossas
397 520 652 584 complere
680 521 983 584 inciperent.
1054 522 1188 570 Tum
1222 523 1406 571 Caesar
1430 523 1675 572 omnibus
1710 525 1875 588 portis
1900 541 2048 588 erup-

209 596 350 644 tione
377 598 513 645 facta
539 597 878 661 equitatuque
905 599 1089 647 emisso
1116 598 1350 647 celeriter
1374 600 1546 648 hostes
1573 599 1628 647 in
1655 601 1834 664 fugam
1861 600 1952 649 dat
1977 601 2048 650 sic

209 673 288 721 uti
315 674 531 721 omnino
558 674 830 738 pugnandi
857 690 1012 724 causa
1047 674 1305 724 resisteret
1340 675 1576 737 nemo36¹⁴
1604 692 1962 741 magnumque
1986 693 2048 726 ex

208 749 329 798 iis⁶¹⁶
355 766 634 798 numerum
660 750 852 798 occidit
876 753 1031 815 atque
1056 768 1236 801 omnes
1261 752 1475 801 armis⁰¹⁰
1501 752 1717 800 exuit.⁶¹⁷

276 826 391 875 LII.
433 826 669 891 Longius
701 827 941 891 prosequi
968 828 1179 887 veritus,
1206 828 1343 892 quod
1371 829 1525 877 silvae
1550 829 1864 894 paludesque
1891 830 2051 878 inter-

208 902 538 962 cedebant,⁰¹⁸
575 919 743 967 neque
779 904 994 952 etiam⁶¹⁹
1018 904 1234 968 parvulo
1271 905 1586 954 detrimento
1624 905 1835 954 illorum
1872 906 2049 954 locum

208 978 432 1043 relinqui
460 979 681 1040 videbat,
704 979 948 1028 omnibus
975 981 1081 1029 suis
1107 981 1460 1030 incolumibus
1488 983 1650 1046 copiis
1671 982 1848 1031 eodem
1877 982 1958 1031 die
1985 982 2049 1031 ad

210 1054 510 1104 Ciceronem
548 1057 800 1120 pervenit.
873 1056 1154 1106 Institutas
1180 1061 1364 1117 turres,
1391 1059 1681 1108 testudines
1708 1059 2049 1109 munitiones-

209 1148 307 1196 que
332 1131 565 1180 hostium
602 1132 918 1182 admiratur:
956 1134 1159 1198 legione
1184 1135 1440 1198 producta
1477 1136 1743 1200 cognoscit
1780 1153 1887 1184 non
1914 1137 2048 1185 deci-

208 1223 357 1256 mum
393 1209 708 1273 quemque⁶²⁰
745 1225 850 1259 esse
887 1210 1148 1274 reliquum
1198 1211 1422 1260 militem
1458 1211 1568 1260 sine
1604 1213 1897 1261 vulnere.⁶“¹
1968 1213 2049 1262 Ex

207 1284 289 1333 his
326 1285 627 1335 omnibus⁶²²
648 1285 853 1350 judicat
893 1288 1049 1335 rebus
1091 1290 1290 1351 quanto
1333 1305 1454 1336 cum
1496 1288 1728 1352 periculo
1766 1291 1816 1337 et
1852 1291 2067 1353 quanta⁴

209 1377 330 1409 cum
350 1362 544 1411 virtute
564 1379 642 1411 res
669 1362 830 1411 sint⁶²³
851 1363 1269 1421 administratae:
1298 1364 1599 1413 Ciceronem
1618 1382 1711 1429 pro
1733 1366 1843 1430 ejus
1865 1366 2049 1415 merito

208 1437 563 1503 legionemque
612 1439 873 1488 collaudat
898 1457 908 1488 :
968 1443 1301 1490 centuriones
1350 1442 1661 1507 singillatim
1707 1443 2050 1508 tribunosque

207 1514 440 1563 militum
465 1516 706 1579 appellat,
733 1533 958 1581 quorum
995 1518 1252 1583 egregiam
1290 1518 1446 1567 fuisse
1471 1518 1723 1568 virtutem
1747 1520 2049 1569 testimonio

211 1591 474 1640 Ciceronis
495 1596 816 1657 cognoverat.
894 1593 972 1642 De
998 1610 1117 1643 casu
1142 1594 1319 1643 Sabini
1346 1598 1396 1643 et
1424 1595 1607 1644 Cottae
1633 1596 1824 1644 certius
1849 1612 1909 1644 ex
1933 1612 2050 1660 cap-

208 1668 330 1715 tivis
356 1669 635 1733 cognoscit.
707 1669 919 1718 Postero
944 1670 1028 1718 die
1054 1672 1298 1719 contione
1335 1671 1515 1720 habita
1553 1688 1660 1720 rem
1696 1675 1895 1736 gestam
1930 1688 2048 1736 pro-

208 1744 374 1808 ponit,
413 1745 605 1794 milites
642 1746 943 1795 consolatur
978 1751 1030 1795 et
1071 1747 1375 1796 confirmat:
1423 1748 1563 1811 quod
1609 1748 2049 1798 detrimentum⁶²⁴

209 1821 363 1884 culpa
399 1823 449 1870 et
488 1822 775 1871 temeritate
810 1823 967 1887 legati
1004 1822 1071 1871 sit
1107 1827 1394 1887 acceptum,
1421 1812 1580 1872 hoc⁶²⁵
1605 1826 1843 1890 aequiore
1875 1826 2048 1874 animo

209 1898 483 1946 ferendum
509 1899 673 1959 docet,
696 1900 836 1963 quod
860 1900 1111 1948 beneficio
1138 1900 1353 1949 deorum
1378 1901 1751 1950 immortalium
1779 1904 1830 1950 et
1854 1903 2050 1952 virtute

209 1989 389 2022 eorum
441 1977 647 2038 expiato
696 1976 1028 2024 incommodo
1077 1994 1244 2041 neque
1292 1977 1532 2027 hostibus
1580 1979 1789 2029 diutina
1836 1979 2049 2029 laetatio

209 2066 376 2114 neque
403 2051 526 2114 ipsis
553 2051 757 2116 longior
783 2052 932 2100 dolor
957 2053 1298 2117 relinquatur.

277 2127 421 2176 LIII.
458 2128 679 2176 Interim
704 2129 770 2178 ad
797 2129 1143 2178 Labienum⁶²⁶
1168 2146 1259 2194 per
1283 2131 1527 2180 Remos⁶²⁷
1556 2132 1850 2181 incredibili
1877 2132 2050 2181 celeri-

263 2227 310 2249 ⁶²³
333 2230 429 2268 Ac:
460 2228 569 2268 And
588 2230 790 2281 actually.
850 2231 901 2270 G·
922 2232 1014 2271 479·

1205 2231 1252 2252 ⁶²¹
1274 2232 1382 2271 Sine
1409 2233 1629 2274 vulnere:
1670 2233 1913 2285 Emphatic
1933 2235 2048 2286 posi-

264 2281 309 2303 ⁶¹⁴¹
331 2283 749 2323 Omnino—nemo:
800 2284 896 2324 The
935 2298 1105 2336 separa-

1150 2287 1242 2324 tion
1265 2291 1310 2324 at
1332 2286 1408 2325 the
1430 2288 1528 2327 end.
1587 2289 1636 2328 G.
1660 2289 1751 2328 676.

210 2338 303 2376 tion
325 2337 615 2387 emphasizes.
674 2338 725 2377 G.
744 2338 833 2378 675.

265 2389 311 2410 ⁶¹⁵
335 2391 419 2428 Ex
437 2390 520 2430 iis:
552 2391 596 2430 C.
612 2392 687 2438 iii„
702 2392 774 2430 52.
823 2393 873 2432 G.
893 2393 986 2440 371,
1000 2393 1049 2434 R.
1069 2394 1106 2433 5.

265 2443 312 2464 ⁶¹⁶
331 2444 488 2483 Armis
512 2458 520 2484 :
577 2444 720 2484 Verbs
767 2447 817 2485 of
869 2447 1107 2497 depriving

211 2499 315 2538 take
354 2498 432 2538 the
471 2499 681 2548 ablative,
724 2512 757 2539 c.
788 2501 862 2548 vi,
893 2501 996 2539 106.
1055 2502 1104 2541 G.

211 2553 303 2593 389.

266 2606 316 2626 ⁶¹⁷
339 2606 514 2646 Exuit:
545 2606 691 2658 Scrips
721 2609 834 2649 them
861 2609 913 2660 of
935 2608 1107 2660 (causes

212 2660 336 2699 them
368 2664 413 2698 to
444 2662 555 2711 strip
579 2661 852 2702 themselves
874 2664 935 2710 of,
961 2663 1107 2702 throw

211 2716 353 2764 away)
378 2714 490 2753 their
511 2727 642 2755 arm-9.
705 2716 755 2754 G.
778 2716 870 2756 210.

268 2768 358 2806 LII.
401 2767 447 2788 ⁶¹⁶
486 2768 624 2815 Quod
722 2769 1076 2809 intercedebant
1097 2785 1105 2810 z

212 2822 351 2870 Quod
382 2821 491 2860 with
527 2823 766 2863 indicative
796 2827 914 2863 aster
943 2837 968 2862 a
997 2826 1106 2864 verb

213 2877 260 2914 of
277 2877 481 2914 emotion.
518 2900 520 2902 -
541 2877 590 2915 G.
614 2877 704 2916 542.

267 2928 317 2949 ⁶¹⁹
341 2929 502 2967 Etiam
534 2930 717 2981 belongs
749 2931 913 2982 closely
934 2936 979 2970 to
1008 2943 1108 2981 par-

213 2983 338 3022 vulo.
389 2983 511 3021 More
530 2997 744 3032 common,
767 2988 813 3023 et
833 2997 891 3022 ne
911 2985 1108 3034 parvulo

214 3039 451 3128 qllffieglen
473 3038 707 3129 gediixoium
739 3104 989 3142 quemque:
1022 3093 1110 3133 Noc

216 3156 295 3184 one
317 3157 423 3184 man
445 3149 517 3184 θαι
539 3146 591 3197 os
604 3146 706 3185 euch
727 3150 810 3186 ten.
869 3147 919 3186 G.
943 3148 1033 3187 305.

1205 2339 1251 2359 ⁶²²
1272 2341 1356 2379 Ex
1384 2340 1456 2378 his
1479 2341 1687 2381 omnibus
1716 2343 1855 2381 rebus
1875 2355 1883 2382 :
1914 2342 2048 2381 Abla-

1150 2394 1244 2433 tive
1292 2395 1341 2433 of
1387 2407 1593 2434 measure
1633 2396 1896 2446 (reference)
1936 2397 2046 2437 with

1152 2447 1482 2487 characteristic
1520 2450 1797 2499 preposition
1834 2450 2043 2500 (whence-

1151 2502 1369 2551 relation).
1428 2502 1478 2542 G.
1500 2503 1595 2545 398.
1616 2502 1667 2542 R.
1688 2505 1723 2543 1.

1205 2554 1252 2575 ⁶²³
1275 2556 1369 2594 Res
1409 2555 1500 2594 sint
1539 2557 1886 2596 administratae
1908 2572 1916 2598 :
1975 2558 2048 2598 Se-

1150 2622 1320 2660 quence
1341 2610 1578 2662 according
1607 2615 1653 2650 to
1682 2616 1824 2659 tense,
1850 2625 1883 2653 c.
1906 2613 1949 2661 i.,
1977 2613 2047 2650 12.

1151 2664 1201 2703 G.
1223 2664 1315 2710 511,
1343 2663 1392 2703 R.
1423 2666 1456 2703 1.

1205 2715 1251 2737 ⁶²⁴
1267 2717 1402 2765 Quod
1424 2717 1888 2769 detrimentumzffid)
1910 2719 2043 2758 detri-

1150 2775 1358 2809 mentum
1379 2773 1519 2821 quod.
1564 2773 1838 2812 Correlative
1859 2773 2050 2812 omitted

1151 2826 1237 2863 and
1259 2826 1601 2875 incorporation.
1664 2827 1714 2865 G.
1739 2827 1831 2866 (522.

1204 2877 1251 2898 ⁶2⁵
1274 2879 1378 2917 Hoc
1401 2879 1620 2928 aequiore
1640 2880 1814 2920 animo:
1842 2880 1960 2931 Hoc,
1977 2880 2049 2918 ab·

1150 2932 1289 2971 lative
1310 2934 1359 2971 of
1389 2945 1607 2979 measure,
1629 2946 1663 2974 c.
1686 2935 1727 2981 i.,
1756 2934 1829 2972 13.
1887 2934 1937 2973 G.
1956 2934 2049 2973 400.

1209 2986 1327 3026 LIII.
1354 2985 1404 3005 ⁶²⁶
1426 2987 1503 3024 Ad
1517 2987 1803 3027 Labienum:
1834 2988 1879 3027 C.
1905 2988 1947 3034 i.,
1975 2987 2050 3025 25.

1155 3040 1205 3078 G.
1228 3040 1320 3085 344,
1346 3040 1396 3079 R.
1421 3042 1454 3078 1.

1209 3092 1261 3114 ⁶²⁷
1283 3093 1378 3131 Per
1424 3094 1628 3134 Remos:
1701 3094 1910 3146 Throuylc

1156 3147 1262 3185 land
1285 3148 1347 3196 of)
1372 3147 1439 3187 the
1460 3147 1601 3189 Remi.
1664 3148 1714 3188 G.
1738 3149 1829 3189 335.
1957 3094 2051 3146 (the
