2243 3465
717 126 789 162 DE
825 125 1011 162 ons'ns
1047 125 1401 162 ALEXANDRI.
1909 116 1971 166 53

143 259 457 324 phalangem
499 259 692 308 invecti
735 261 873 308 sunt.
966 259 1275 320 Macedones
1318 257 1637 307 confirmatis
1684 258 1870 307 animis
1916 259 1972 308 in

142 336 375 384 medium
410 352 593 400 agmen
633 336 903 399 accipiunt
938 338 989 384 et
1024 336 1086 384 ab
1123 339 1344 399 utroque
1380 334 1537 383 latere
1574 337 1764 383 temere
1800 335 1973 384 incur-

142 417 369 464 rentium
391 416 481 464 ilia
507 415 808 464 suffodiunt.
878 415 1166 464 Circumire
1187 414 1371 462 deinde
1392 417 1442 462 et
1461 429 1644 462 currus
1669 430 1728 463 ac
1752 430 1975 479 propug-

142 496 348 540 natores
373 491 709 555 praecipitare
736 494 1029 555 coeperunt.
1101 491 1294 555 Ingens
1320 490 1473 538 ruina
1497 506 1748 553 equorum
1774 491 1974 556 auriga-

143 584 364 631 rumque
399 567 562 615 aciem
587 567 946 630 compleverat.
1016 567 1217 615 Paucae
1252 569 1428 614 tamen
1466 581 1667 615 evasere
1697 567 1976 631 quadrigae

143 644 199 691 in
225 644 467 691 ultimam
493 643 670 701 aciem,
691 643 767 700 iis,
789 644 843 690 in
865 658 992 706 quos
1017 643 1331 702 inciderunt,
1356 642 1638 691 miserabili
1664 646 1830 691 morte
1857 659 1975 691 con-

144 719 380 782 sumptis.
482 719 705 767 Interim
752 718 935 767 Persae
982 720 1189 784 gravius
1236 719 1522 768 instabant.
1628 717 1975 781 Supervenere

144 795 411 844 Bactriani
430 810 737 859 pugnaeque
759 798 953 844 vertere
974 797 1253 843 fortunam.
1306 795 1467 843 Multi
1487 810 1606 859 ergo
1628 794 1976 843 Macedonum

142 871 310 934 primo
344 871 545 934 impetu
571 870 752 919 obtriti
779 875 919 929 sunt,
945 872 1120 934 plures
1158 871 1223 919 ad
1258 870 1620 919 Alexandrum
1656 871 1976 934 refugerunt.

143 947 283 995 Tum
326 947 523 1006 Persae,
568 947 788 995 clamore
833 947 1049 1004 sublato,
1092 947 1296 1011 qualem
1340 947 1558 995 victores
1601 947 1768 994 solent
1809 946 1969 1004 edere,

143 1023 380 1072 ferociter
423 1023 476 1071 in
525 1023 744 1083 hostem,
789 1024 935 1087 quasi
979 1023 1169 1087 ubique
1217 1023 1585 1087 profligatum,⁴
1626 1023 1977 1071 incurrerunt.

143 1099 441 1147 Alexander
483 1099 689 1148 territos
731 1099 1016 1164 castigare,⁵
1063 1099 1343 1158 adhortari,
1388 1099 1718 1147 confirmatos
1765 1099 1978 1147 tandem

143 1175 250 1239 ipse
275 1175 330 1223 in
356 1176 528 1224 hostes
553 1176 752 1224 ducere.
821 1177 896 1224 At
921 1176 1011 1239 qui
1040 1175 1096 1223 in
1122 1176 1264 1223 laevo
1291 1191 1453 1224 cornu
1478 1179 1627 1223 erant
1664 1175 1862 1234 Persae,
1889 1190 1977 1238 spe

143 1267 290 1315 posse
314 1267 433 1299 eum
458 1251 674 1310 includi,
701 1268 887 1316 agmen
925 1268 1079 1301 suum
1116 1269 1145 1300 a
1180 1255 1325 1315 tergo
1351 1253 1655 1315 opponunt3
1691 1251 1978 1315 ingensque

150 1327 454 1392 periculum⁶
480 1329 535 1375 in
572 1327 740 1375 medio
765 1328 976 1376 haerens
1002 1328 1204 1386 adisset,
1231 1328 1306 1375 ni⁷
1331 1327 1527 1391 equites
1553 1327 1771 1391 Agriani
1811 1328 1975 1375 calca-

150 1403 288 1452 ribus
314 1403 535 1452 subditis
556 1404 898 1452 circumfusos
925 1404 1031 1468 regi
1061 1405 1297 1452 barbaros
1317 1403 1484 1452 adorti
1511 1403 1566 1450 in
1588 1419 1636 1452 se
1657 1403 1978 1452 avertissent.

150 1480 380 1528 Turbata
405 1483 513 1528 erat
540 1480 776 1544 utraque⁸
802 1480 951 1528 acies.
1021 1480 1140 1528 Duo
1168 1495 1308 1544 reges
1341 1478 1541 1543 junctis
1572 1495 1730 1542 prope
1756 1478 1978 1543 agmini-

149 1557 242 1604 bus
279 1555 533 1619 proelium
571 1556 942 1616 accenderant3
981 1572 1137 1604 curru
1174 1556 1390 1621 Dareus,
1416 1555 1713 1603 Alexander
1739 1571 1869 1618 equo
1894 1571 1978 1603 ve-

148 1632 382 1692 hebatur,
412 1635 692 1696 utrumque
729 1632 914 1681 delecti
951 1633 1250 1692 tuebantur,
1281 1633 1378 1681 sui⁹
1415 1631 1760 1690 immemores,
1787 1631 1980 1695 quippe

148 1709 333 1758 amisso
372 1709 526 1773 rege¹⁰
553 1724 647 1757 nec
672 1708 916 1757 volebant
958 1708 1084 1757 salvi
1122 1724 1227 1757 esse
1266 1724 1361 1756 nec
1393 1710 1649 1771 poterant.
1720 1707 1980 1767 Ceterum,

150 1786 253 1834 sive
278 1785 567 1834 ludibrium
593 1784 880 1844 oculorum,
907 1784 1011 1833 sive
1036 1801 1156 1833 vera
1191 1785 1380 1848 species
1405 1784 1522 1841 fuit,
1549 1783 1639 1848 qui
1665 1784 1801 1832 circa
1824 1783 1981 1831 Alex-

148 1861 372 1909 andrum
413 1863 576 1918 erant‚
609 1860 796 1910 vidisse
839 1876 890 1909 se
934 1861 1269 1909 crediderunt
1309 1861 1587 1924 paululum
1630 1876 1782 1924 super
1823 1862 1982 1924 caput

148 1939 281 2001 regis
316 1937 518 2001 placide
543 1937 805 1986 volantem
842 1937 1087 2001 aquilam.
1159 1937 1308 1986 Certe
1339 1941 1480 1985 vates
1516 1937 1840 1996 Aristander,
1867 1937 1983 1985 alba

148 2017 288 2061 veste
325 2014 544 2061 indutus
581 2015 632 2061 et
673 2013 890 2061 dextra¹1
924 2014 1215 2077 praeferens
1256 2014 1502 2072 lauream,
1538 2012 1794 2061 militibus
1834 2028 1982 2061 avem

151 2089 488 2148 monstrabat,
528 2089 669 2137 haud
711 2088 932 2137 dubium
974 2089 1217 2138 victoriae
1260 2089 1565 2152 auspicium.
1634 2088 1826 2153 Ingens
1862 2105 1982 2153 ergo

150 2166 390 2214 alacritas
433 2167 485 2214 et
525 2165 718 2213 fiducia
757 2165 914 2228 paulo
951 2172 1071 2214 ante
1096 2165 1304 2214 territos
1341 2164 1617 2214 accendit¹²
1643 2164 1707 2213 ad
1731 2181 1981 2229 pugnam,

151 2242 332 2305 utique
367 2244 643 2305 postquam
680 2241 862 2306 auriga
896 2241 1068 2301 Darei,
1095 2241 1184 2305 qui
1221 2244 1341 2290 ante
1377 2241 1587 2305 ipsum¹³
1616 2240 1796 2290 sedens
1826 2252 1983 2304 equos

151 2319 372 2382 regebat,
398 2318 548 2366 hasta
571 2318 856 2366 transfixus
880 2318 1006 2367 est.¹⁴
1075 2318 1187 2366 Nec
1211 2326 1304 2366 aut
1342 2317 1523 2366 Persae
1549 2319 1640 2365 aut
1676 2317 1983 2365 Macedones

151 2394 466 2452 dubitavere,
492 2393 659 2458 quin¹⁵
684 2395 789 2457 ipse
814 2410 902 2442 rex
928 2399 1058 2442 esset
1082 2394 1298 2443 occisus.
1371 2393 1509 2457 Ergo
1535 2392 1748 2456 lugubri
1774 2393 1983 2441 ululatu

152 2475 204 2518 et
244 2469 516 2518 incondito
553 2469 776 2518 clamore
816 2470 1119 2534 gemituque
1160 2473 1324 2518 totam
1365 2469 1468 2517 fere
1510 2469 1670 2517 aciem
1713 2470 1983 2517 turbavere

154 2545 363 2608 cognati
399 2545 555 2593 Darei
592 2550 644 2593 et
679 2545 920 2609 armigeri
937 2563 949 2607 3
989 2546 1146 2593 multi
1172 2546 1229 2593 in
1254 2545 1434 2609 fugam
1458 2545 1608 2593 effusi
1633 2545 1984 2592 destituerunt

155 2637 378 2669 currum.
447 2621 659 2669 Dicitur
694 2622 901 2670 acinace
937 2622 1117 2670 stricto
1146 2621 1347 2670 Dareus
1383 2621 1661 2680 dubitasse,
1699 2621 1803 2668 an¹⁶
1829 2621 1981 2684 fugae

154 2698 373 2746 dedecus
419 2697 638 2745 honesta
684 2706 849 2745 morte
898 2698 1136 2745 vitaret.¹⁷
1227 2696 1538 2756 Alexander,
1586 2699 1789 2744 mutato
1837 2712 1980 2758 equO,

154 2776 328 2839 plures
353 2773 493 2821 enim
518 2772 841 2837 fatigaverat,
862 2773 1216 2822 resistentium
1239 2773 1450 2821 adversa
1474 2788 1560 2821 ora
1585 2772 1827 2829 fodiebat,
1852 2772 1983 2834 fugi-

155 2850 357 2898 entium
380 2851 537 2911 terga.
607 2849 831 2913 Jamque
856 2865 963 2897 non
988 2865 1165 2913 pugna
1190 2849 1276 2897 sed
1298 2849 1474 2897 caedes
1499 2852 1622 2906 erat,
1643 2864 1764 2896 cum
1785 2847 1983 2894 Dareus

156 2941 359 2989 quoque
396 2940 610 2973 currum
653 2940 806 2973 suum
848 2925 904 2973 in
947 2926 1125 2990 fugam
1161 2924 1369 2973 vertit?³
1440 2925 1700 2972 Haerebat
1735 2923 1789 2970 in
1824 2924 1982 2986 tergis

218 3045 233 3066 ⁴
250 3044 321 3083 604,
339 3044 383 3076 R.
401 3044 432 3076 2.
493 3043 507 3064 ⁵
524 3044 597 3076 650.
658 3043 673 3064 ⁸
689 3044 761 3076 330.
820 3044 835 3065 ⁷
852 3044 925 3078 59⁶2.
943 3044 985 3077 R.
1003 3046 1033 3077 5.
1092 3029 1109 3066 ὲ
1125 3045 1197 3083 370,
1215 3044 1259 3077 R.
1279 3045 1309 3076 2.
1366 3044 1381 3065 ⁹
1397 3045 1468 3076 373.
1527 3044 1559 3064 ¹⁰
1573 3043 1645 3076 670.
1693 3042 1723 3065 ¹¹
1742 3042 1814 3075 387.
1861 3041 1895 3064 ¹²
1910 3042 1980 3074 281.

156 3096 242 3130 ΕΚΘ.
261 3097 292 3129 2.
340 3095 371 3117 1³
389 3096 462 3135 297,
480 3095 523 3128 R.
544 3097 571 3128 1.
652 3096 683 3118 Η
699 3098 771 3129 563.
850 3095 882 3116 ¹⁵
899 3097 972 3135 551,
989 3097 1020 3129 2.
1068 3096 1100 3118 ¹⁸
1116 3097 1189 3134 462,
1207 3097 1238 3129 3.
1285 3095 1316 3117 ²⁷
1333 3096 1405 3129 258.
1453 3094 1485 3116 ¹⁸
1502 3094 1581 3128 582.
