2243 3465
219 177 283 229 74,
811 221 815 226 ⁴
909 187 1084 227 LATIN
1120 188 1361 228 READER.
1420 198 1423 201 ·
1478 196 1483 200 -

216 320 455 384 jumenta
480 319 775 379 caedebant,
792 336 858 367 ne
882 321 1045 384 equis⁵
1065 320 1276 385 quidem
1302 320 1636 370 abstinebant
1651 337 1664 383 3
1696 323 1748 371 et
1773 337 1892 372 cum
1912 322 2048 373 dees·

218 401 346 454 sent,
374 412 503 459 quae
542 396 767 444 sarcinas
793 395 1054 452 veherent,
1090 397 1254 461 spolia
1289 397 1350 445 de
1385 397 1636 457 host1bus,
1671 401 1885 463 propter
1919 415 2049 464 quae

216 471 404 519 ultima
443 471 669 519 Orientis
711 479 1125 536 peragravcrant,
1164 474 1464 521 cremabant
1500 474 1755 523 incendio.
1835 475 2050 524 Famem

216 546 400 597 deinde
422 547 714 611 pestilentia
731 552 905 597 secuta
925 551 1013 596 est.
1061 548 1200 613 Ergo
1219 551 1364 598 strati
1392 551 1540 597 erant
1566 552 1734 613 campi
1753 567 1912 614 paene
1936 552 2051 616 plu-

215 624 359 672 ribus
385 624 645 673 semivivis
671 641 827 688 quam
853 625 1202 673 cadaveribus.
1274 626 1382 674 Rex
1410 625 1751 674 finitimarum
1779 627 2050 691 regionum

213 700 511 764 pracftciOS,
549 701 759 764 quantis
795 701 1050 764 angustiis
1085 711 1421 764 premeretur,
1460 702 1702 751 certiores
1738 703 1862 751 fecit
1898 715 1948 752 et
1985 705 2048 753 ad

216 776 649 840 Phrataphernen
711 777 1120 840 Parthyaeorum
1182 782 1415 841 satrapen
1469 778 1626 838 misit,
1675 779 1785 842 qui⁶
1827 779 2049 843 juberet,

214 852 421 901 camelis
448 855 592 901 cocta
617 852 808 901 cibaria
826 852 1028 901 adferri.
1097 853 1209 902 Nec
1236 859 1490 902 cessatum
1516 856 1591 903 est
1616 855 1678 902 ab
1704 855 1799 903 his.
1868 855 2052 920 Itaque

213 929 347 976 same
374 928 649 976 dumtaxat
675 928 972 976 vindicatus
1008 929 1265 977 exercitus
1291 929 1504 978 tandem
1542 930 1595 978 in
1626 930 1899 979 Gedrosiae
1924 931 2051 980 fines

212 1004 533 1068 perducitur.
613 1005 865 1053 Omnium
901 1020 1077 1052 rerum
1104 1005 1250 1069 copia
1275 1005 1459 1054 fertilis
1497 1022 1554 1054 ea
1589 1006 1726 1070 regio
1752 1010 1843 1066 est,
1868 1008 1924 1055 in
1950 1024 2052 1072 qua

213 1081 401 1129 stativa
439 1080 636 1140 habuit,
664 1083 724 1128 ut
752 1082 962 1130 vexatos
999 1080 1192 1130 milites
1229 1082 1400 1146 quiete
1437 1082 1677 1130 firmaret.
1754 1081 1958 1131 Deinde
1995 1084 2050 1131 in

215 1157 549 1205 Carmaniam
575 1157 834 1220 processit.

282 1237 356 1280 60.
394 1234 553 1282 Haud
579 1234 764 1281 multo¹
791 1235 909 1297 post
944 1233 1218 1282 Nearchus
1245 1236 1295 1281 et
1323 1233 1660 1294 Onesicritus,
1687 1251 1815 1300 quos
1841 1236 2051 1300 longius

211 1309 263 1357 in
291 1309 554 1357 Oceanum
582 1310 852 1372 procedere
874 1309 1115 1374 jusserat,
1134 1310 1289 1357 litora
1308 1310 1473 1358 Rubri
1500 1310 1656 1359 maris
1681 1312 1825 1375 legen
1836 1315 1908 1361 tes
1929 1328 2049 1360 cum

211 1386 267 1434 in
310 1386 571 1450 regionem
618 1386 922 1434 Carmaniae
963 1386 1243 1444 venissent,
1281 1386 1474 1434 relictis
1511 1386 1731 1436 navibus
1772 1387 1837 1436 ad
1877 1404 2049 1452 regem

211 1463 514 1511 ascendunt.
572 1463 841 1511 Nuntiaut
861 1456 1113 1527 quaedam
1139 1462 1333 1522 audita,
1352 1462 1452 1512 alia
1471 1473 1748 1528 comperta.
1812 1464 2048 1514 Insulam

212 1539 342 1588 ostio
369 1540 538 1588 amnis
575 1539 861 1604 subjectam
898 1555 1022 1587 auro
1048 1539 1343 1601 abundareg
1381 1540 1596 1603 plenum
1633 1556 1739 1590 esse
1774 1541 2046 1591 beluarum

211 1631 365 1675 mare,
414 1618 561 1664 aestu
610 1616 835 1664 secundo
882 1631 964 1664 eas
1012 1616 1134 1664 ferri
1192 1632 1504 1680 magnarum
1563 1617 1779 1666 navium
1837 1634 2050 1682 corpora

211 1698 517 1755 aequantes3
557 1692 798 1741 Rubrum
837 1709 975 1740 mare
1013 1708 1119 1740 non
1159 1708 1188 1740 a
1226 1692 1390 1741 colore
1415 1692 1693 1753 undarum,
1719 1696 1780 1742 ut
1815 1694 2048 1759 plerique

212 1768 514 1827 crederent,2
541 1769 629 1817 sed
666 1769 727 1816 ab
754 1768 983 1832 Erythro
1018 1784 1135 1832 rege
1171 1768 1448 1832 appellari3
1487 1785 1592 1818 esse
1622 1770 1764 1818 haud
1800 1772 1982 1834 procul
2019 1788 2048 1819 a

212 1844 501 1893 continenti
528 1844 754 1892 insulam
782 1844 968 1908 palmis
992 1844 1352 1908 frequentibus
1379 1845 1649 1905 consitam,
1676 1847 1729 1895 in
1758 1847 1925 1895 medio
1945 1849 2047 1896 fere

211 1938 419 1970 nemore
440 1922 739 1969 columnam
759 1921 998 1979 eminere,
1015 1921 1231 1985 Erythri
1258 1922 1389 1985 regis
1415 1927 1836 1983 monumentum,
1857 1923 2047 1972 litteris

211 1997 382 2062 gentis
407 1997 517 2060 ejus
543 1997 801 2061 scriptam.
876 1997 999 2056 Rex,
1027 1997 1390 2060 cognoscendi³
1418 1998 1569 2060 plura
1595 1998 1840 2061 cupidine
1865 2015 2043 2048 accen-

212 2090 313 2132 sus,
340 2089 518 2121 rursus
560 2089 643 2121 eos
671 2082 857 2121 terram
886 2073 1051 2136 legere
1090 2073 1253 2137 jubet,
1280 2073 1442 2122 donec
1482 2074 1543 2122 ad
1587 2074 1874 2138 Euphratis
1917 2075 2047 2124 ostia

211 2150 528 2213 appellerent
565 2150 808 2210 classem3
846 2149 966 2197 inde
1002 2149 1214 2198 adverso
1251 2166 1401 2197 amne
1439 2150 1758 2214 Babylonem
1796 2151 2046 2200 subirent.

210 2225 329 2289 Ipse
371 2226 544 2274 animo
586 2225 795 2273 infinita
834 2225 1135 2288 complexus
1175 2228 1442 2285 statuerat,
1484 2227 1626 2274 omni
1671 2227 1736 2274 ad
1780 2227 2045 2277 Orientem

211 2302 476 2350 maritima
500 2301 709 2366 regione
745 2302 1049 2364 perdomita,
1077 2318 1137 2349 ex
1178 2301 1325 2364 Syria
1360 2305 1532 2364 petere
1556 2303 1805 2361 Africam,
1833 2303 2046 2352 Cartha-

211 2379 320 2443 gini
357 2378 607 2437 infensus,
635 2378 755 2426 inde
791 2377 1074 2426 Numidiae
1111 2377 1482 2425 solitudinibus
1518 2379 1801 2442 peragratis
1833 2395 2046 2428 cursum

213 2454 382 2503 Gades
408 2454 817 2518 dirigere—nam
846 2453 915 2501 ibi
941 2453 1210 2501 columnas
1238 2453 1482 2502 Herculis
1508 2469 1612 2503 esse
1647 2455 1782 2502 fama
1808 2456 2045 2520 vulgave-

211 2530 644 2594 rat—Hispanias
669 2530 867 2589 deinde,
895 2545 1021 2593 quas
1047 2529 1316 2578 Hiberiam
1345 2529 1525 2578 Graeci
1551 2547 1579 2578 a
1603 2530 1820 2579 flumine
1847 2531 2044 2581 Hibero

211 2609 481 2665 vocabant,
510 2606 649 2654 adire
685 2608 736 2654 et
770 2605 1090 2670 praetervehi
1118 2605 1294 2669 Alpes⁴
1321 2605 1604 2670 Italiaeque
1630 2623 1788 2668 oram,
1814 2608 1953 2655 unde
1988 2609 2046 2657 in

213 2683 436 2746 Epirum
478 2682 645 2730 brevis
682 2698 864 2730 cursus
900 2684 988 2729 est.
1067 2681 1238 2745 Igitur
1279 2681 1682 2745 Mesopotamiae
1724 2684 2045 2746 praetoribus

213 2759 503 2822 imperavit,
529 2761 603 2816 ut,
634 2757 852 2806 materia
892 2758 946 2805 in
992 2756 1193 2805 Libano
1230 2760 1408 2804 monte
1445 2773 1588 2806 caesa
1628 2758 1938 2823 devectaque
1981 2760 2043 2808 ad

214 2837 395 2883 urbem
424 2834 597 2898 Syriae
624 2834 970 2896 Thapsacum,
993 2833 1347 2897 septingentas
1372 2849 1526 2882 naves
1552 2835 1848 2898 septiremes
1873 2835 2043 2883 aedifi-

215 2916 391 2960 carent
416 2910 832 2972 deducerentque
859 2909 1216 2974 Babyloniam.
1298 2908 1605 2974 Cypriorum
1633 2911 1858 2975 regibus⁵
1883 2911 2036 2975 impe·

218 2993 402 3048 ratum,
430 2994 489 3036 ut
514 3004 595 3037 acs
622 2991 966 3051 stuppamque
992 2991 1042 3035 et
1068 2987 1179 3035 vela
1201 2988 1519 3050 praeberent.

366 3197 369 3199 ,
421 3159 436 3181 ⁶
452 3159 524 3193 388.
582 3159 596 3180 ⁸
613 3159 683 3192 6:23.
824 3158 903 3193 60.
933 3159 942 3179 ¹
962 3159 1033 3192 400.
1092 3159 1107 3180 2
1124 3158 1196 3199 509,
1215 3159 1245 3191 2.
1302 3160 1316 3180 ³
1332 3160 1405 3200 428,
1424 3159 1467 3193 R.
1485 3160 1516 3194 2.
1576 3160 1591 3182 ⁴
1609 3160 1680 3194 330.
1735 3159 1752 3182 ⁸
1768 3159 1840 3194 208.
