2243 3465
795 169 865 204 DE
904 167 1076 203 BELLo
1114 166 1367 204 GALLICO.
1936 159 1995 207 81

172 295 519 361 Cingetorigis
544 296 795 346 adducti²32
821 300 871 346 et
897 298 1122 347 adventu
1151 298 1315 347 nostri
1352 299 1608 348 exercitus
1633 300 1910 363 perterriti,
1936 301 1995 350 ad

172 372 440 421 Caesarem
489 378 742 422 venerunt
784 377 835 423 et
878 374 939 422 de
982 375 1087 423 suis
1133 375 1378 438 privatim
1421 377 1575 424 rebus
1616 377 1679 424 ab
1724 393 1780 425 eo
1829 379 1999 440 petere

170 453 465 512 coeperunt,
492 450 773 513 (11101111111163
800 450 1039 499 civitati⁰⁴
1067 451 1334 499 consulere
1367 468 1473 499 non
1509 456 1732 515 possent,
1760 452 1996 501 Indutio-

170 540 346 573 marus
372 526 604 574 veritus⁶⁵
632 543 694 573 ne
733 527 794 574 ab
831 527 1073 575 omnibus
1111 527 1465 575 (10301010111166
1491 528 1687 592 legatos
1724 528 1788 577 ad
1822 528 2001 577 Caesa-

170 616 277 648 rem
304 601 498 649 mittit:
543 618 646 650 sese
677 603 870 651 idcirco
897 604 959 651 ab
986 603 1092 651 suis
1117 603 1377 652 discedere
1413 606 1566 668 atque
1593 605 1657 652 ad
1683 621 1802 652 eum
1827 605 2002 654 venire

170 677 409 736 noluisse,
436 694 537 741 quo
564 678 803 727 facilius⁶⁷
832 679 1096 727 civitatem
1132 679 1188 727 in
1216 680 1382 728 officio
1409 680 1715 739 contineret,
1744 697 1808 729 ne
1835 681 2004 730 omnis

170 754 461 802 nobilitatis
509 754 733 803 discessu
782 756 924 818 plebs
971 758 1182 819 propter
1229 756 1678 819 imp1·udentiam⁶⁸
1715 757 1974 805 laberetur

171 830 344 893 itaque
370 845 472 878 esse
499 830 761 880 civitatem
796 833 850 879 in
890 848 980 880 sua
1015 834 1288 895 potestate,
1317 848 1485 896 seque,
1512 833 1554 881 si
1582 832 1767 882 Caesar
1789 833 2005 896 permit-

171 907 356 964 teretsffl
377 907 440 954 ad
467 923 586 954 eum
611 907 664 955 in
688 908 891 956 castra⁷⁰
912 912 1211 969 venturum,
1233 910 1388 958 suas⁷²
1411 909 1740 974 civitatisque
1765 910 2004 958 fortunas

171 983 282 1047 ejus
306 983 426 1031 fidei
453 983 843 1047 permissurum.

237 1059 328 1108 IV.
371 1060 568 1120 Caesar,
608 1061 703 1109 etsi
739 1060 1112 1126 intellegebat⁷²
1138 1077 1242 1125 qua
1277 1061 1338 1109 de
1375 1062 1566 1110 causa⁷³
1598 1078 1655 1110 ea
1691 1062 2006 1121 dicerentur,

172 1151 403 1200 quaeque
439 1153 559 1184 eum
595 1153 674 1185 res
709 1139 771 1186 ab
808 1138 1052 1185 instituto
1091 1137 1306 1186 consilio
1344 1138 1675 1198 deterreret,⁷⁴
1710 1142 1905 1199 tamen,
1940 1154 2006 1187 ne

173 1216 420 1262 aestatem
457 1214 511 1260 in
540 1213 766 1262 Treviris
792 1229 1091 1262 consumere
1123 1217 1392 1279 cogeretur
1416 1215 1661 1264 omnibus
1697 1215 1761 1263 ad
1799 1215 2009 1264 Britan-

174 1290 356 1338 nicum
403 1290 601 1337 bellum
649 1291 839 1338 rebus⁷⁵
876 1291 1200 1354 comparatis,
1244 1291 1663 1340 Indutiomarum
1699 1292 1763 1340 ad
1800 1308 1850 1340 se
1887 1308 2008 1341 cum

175 1365 416 1414 ducentis
442 1366 707 1414 obsidibus
733 1366 907 1415 venire
935 1367 1103 1431 jussit.
1183 1367 1284 1415 His
1311 1367 1564 1427 adductis,
1591 1368 1646 1416 in
1674 1368 1736 1417 iis
1760 1368 1866 1417 filio
1890 1384 2007 1432 pro-

174 1443 486 1507 pinquisque
521 1442 632 1506 ejus
668 1444 926 1504 omnibus,
964 1459 1090 1508 quos
1128 1443 1443 1492 nominatim
1480 1447 1791 1504 evocaverat,
1830 1460 2008 1493 conso-

175 1519 313 1568 latus
339 1518 760 1567 Indutiomarum
793 1520 1133 1590 hortatusque
1159 1522 1235 1568 est
1260 1520 1339 1568 uti
1375 1521 1431 1569 in
1458 1520 1626 1569 officio
1651 1523 2008 1585 permaneret:

176 1695 240 1723 ex
272 1685 446 1724 instead
480 1685 528 1723 of
556 1697 582 1723 a
612 1686 823 1735 partitive
857 1687 1067 1737 genitive.

178 1739 259 1779 See
281 1739 356 1777 49.
414 1739 464 1778 G.
491 1739 585 1785 371,
604 1738 656 1778 R.
683 1739 719 1778 5.

230 1791 261 1812 ⁶²
280 1793 616 1831 Familiaritate
672 1793 888 1833 adducti:
974 1794 1069 1833 The

175 1848 361 1898 moving
382 1859 512 1885 cause
534 1848 571 1885 is
592 1848 718 1886 often
741 1848 981 1898 expressed
1010 1849 1070 1899 by

176 1913 202 1939 a
232 1901 466 1992 patichiptle
490 1900 599 1938 with
620 1901 934 1994 thetablapgg,
960 1902 1071 1995 {1150AE

176 1967 225 1993 as
263 1965 290 1992 a
357 1965 415 1992 uc
435 1965 500 2005 us,
538 1965 696 2004 permo
718 1966 784 2006 us,
917 1984 927 2007 ,
1060 1983 1070 1993 .

232 2059 264 2082 ⁶³
286 2060 661 2110 Quoniam—non
690 2067 904 2112 possent:
944 2064 991 2103 O.
1022 2063 1069 2103 O.

177 2115 319 2154 What
358 2115 465 2166 they
505 2116 601 2155 said
644 2129 692 2155 or
732 2117 924 2169 thought
956 2130 1070 2156 was:

178 2169 408 2217 Quoniam
444 2180 536 2208 non
569 2180 821 2222 possumus,
859 2173 963 2211 174.
1020 2171 1070 2211 G.

233 2255 272 2298 ⁶⁴·
288 2276 484 2316 Civitati
503 2278 772 2317 consulere:
807 2278 1072 2330 Consulem,

178 2331 291 2370 with
307 2344 436 2370 accus
418 2333 571 2381 sative,
589 2336 628 2371 to
644 2333 842 2378 consum
870 2333 979 2371 with
999 2333 1073 2372 [he

178 2386 344 2431 dative,
364 2389 405 2425 to
424 2386 566 2435 study,
579 2387 795 2436 forwavd,
812 2363 880 2426 t'he
898 2387 1074 2427 interest

179 2438 492 2530 Of⁶⁵3g2eritiirffl
496 2440 633 2532 34Τ7110
649 2495 823 2544 perfect
841 2470 1080 2546 participle

179 2547 217 2585 is
238 2547 365 2585 often
394 2546 506 2584 used
526 2546 676 2586 where
698 2561 765 2586 we
790 2548 954 2588 should
984 2562 1074 2588 0111-

179 2601 286 2651 ploy
315 2612 340 2637 a
371 2605 566 2649 present,
594 2601 694 2651 123,
718 2601 824 2653 138,
847 2604 947 2654 157,
970 2602 1073 2653 318,

183 2653 288 2704 539,
311 2653 416 2691 572.
473 2654 523 2693 G.
545 2654 638 2700 278,
660 2655 710 2695 R.

236 2706 270 2726 66
294 2707 369 2744 Ne
389 2707 707 2748 desereretur:
732 2708 875 2748 Verbs
892 2711 940 2749 of
961 2711 1071 2749 sear-

181 2761 260 2811 ing
294 2761 401 2799 take
435 2760 512 2799 the
547 2762 837 2812 subjunctive
872 2763 984 2802 with
1018 2775 1076 2801 ne

182 2814 314 2852 when
335 2813 411 2853 the
432 2815 623 2864 positive
643 2817 680 2854 is
704 2816 870 2863 feared,
896 2817 1007 2855 with
1027 2819 1077 2855 ut

183 2868 256 2918 (ne
268 2868 378 2913 non)
395 2867 523 2905 when
537 2868 614 2907 the
631 2870 863 2920 negative
853 2883 891 2909 13
906 2871 1072 2918 feared‚

183 2923 290 2960 574.
349 2920 444 2959 The
473 2928 654 2971 present
676 2923 962 2974 subjunctive
984 2937 1078 2986 rep-

183 2979 354 3013 resents
387 2974 464 3013 the
495 2979 677 3024 present
706 2976 795 3014 and
825 2977 980 3016 future
1011 2979 1076 3016 in-

184 3028 388 3068 dicative.
447 3028 743 3067 Transferred
772 3034 818 3068 to
846 3029 924 3069 the
960 3036 1073 3093 past,

185 3080 260 3119 the
276 3086 457 3131 present
475 3082 762 3132 subjunctive
779 3084 1012 3125 becomes
1001 3098 1079 3124 lm-

187 3135 369 3184 perfect.
427 3135 478 3175 G.
501 3136 592 3175 552.

1167 1684 1201 1707 ⁶⁷
1223 1687 1328 1735 Quo
1370 1686 1549 1726 facilius
1583 1688 1864 1728 contineret:
1905 1689 2009 1736 Quo

1112 1741 1151 1780 is
1180 1753 1206 1779 a
1236 1742 1427 1780 favorite
1447 1742 1551 1780 final
1585 1743 1876 1793 conjunction
1896 1741 2009 1781 with

1115 1797 1451 1845 comparatives.
1509 1796 1560 1835 G.
1582 1796 1674 1835 545.

1169 1847 1200 1867 66
1220 1849 1430 1900 Propter,
1452 1850 1503 1899 by
1530 1861 1686 1889 ’1οωοη
1714 1851 1768 1902 os

1114 1915 1259 1942 cause.
1318 1903 1368 1942 G.
1391 1903 1484 1950 407,
1506 1903 1556 1942 R.
1580 1905 1614 1943 1.

1169 1955 1198 1975 ‘⁵⁹
1223 1955 1271 1994 Si
1309 1957 1482 1996 Caesar
1514 1957 1826 2006 permitteret:
1866 1958 1915 1997 O.
1935 1957 2006 2007 R„

1117 2009 1164 2049 Si
1184 2009 1358 2048 Caesar
1375 2010 1623 2060 permittet.
1687 2012 1737 2051 G.
1765 2013 1856 2059 660,
1881 2013 1918 2052 3.

1171 2063 1202 2084 ⁷⁰
1225 2064 1303 2102 Ad
1331 2076 1436 2102 eum
1463 2064 1513 2102 in
1544 2069 1715 2105 castra:
1754 2065 1924 2104 Motion
1944 2069 2009 2105 to-

1116 2119 1238 2156 ward
1258 2119 1484 2158 embraces
1501 2119 1561 2157 all
1578 2119 1655 2158 the
1672 2120 1785 2158 local
1806 2120 2009 2171 designa-

1115 2172 1244 2211 tions.
1308 2171 1365 2211 To
1384 2172 1476 2212 him
1497 2173 1545 2212 in
1567 2174 1634 2212 me
1649 2186 1821 2224 camp:
1829 2174 1922 2213 into
1943 2174 2011 2213 the

1116 2237 1240 2319 {imp
1280 2231 1320 2266 to
1357 2226 1462 2274 him,
1506 2227 1612 2279 240,
1646 2227 1753 2266 479.
1828 2228 1879 2268 G.
1916 2227 2013 2275 410,

1193 2293 1214 2319 o

1172 2333 1203 2353 ⁷¹
1226 2334 1332 2373 Sua·
1334 2346 1527 2372 se-eum-
1529 2346 1650 2372 suas-
1653 2334 1773 2383 ejus:
1812 2334 2010 2375 Observe

1116 2387 1194 2426 the
1216 2400 1295 2426 use
1317 2389 1366 2427 of
1385 2388 1730 2428 determinative
1750 2389 1838 2428 and
1859 2388 2012 2428 reflex-

1117 2442 1201 2481 ive.
1260 2442 1309 2480 G.
1333 2442 1424 2481 522.

1172 2495 1246 2535 IV.
1276 2495 1309 2516 ⁷²
1332 2495 1439 2534 Etsi
1501 2495 1800 2546 intellegebat
1820 2510 1828 2518 ·

1777 1862 1792 1890 .·
1820 1850 1972 1889 Movin
1977 1862 2009 1902 g

1118 2550 1233 2598 (even
1262 2549 1340 2601 if),
1361 2549 1579 2600 althouylz,
1607 2563 1729 2589 more
1760 2497 2012 2601 commoEntlS)1

1118 2603 1246 2642 takes
1275 2603 1352 2642 the
1380 2603 1622 2642 indicative
1652 2604 1831 2655 (logical
1862 2604 2011 2643 condi-

1118 2657 1242 2707 tion),
1279 2656 1382 2707 183,
1416 2656 1521 2708 359,
1542 2658 1646 2708 416,
1675 2658 1779 2708 580,
1801 2658 1904 2696 601.
1960 2657 2011 2697 G.

1120 2711 1210 2785 6096
1233 2764 1336 2812 Qua
1375 2764 1432 2802 de
1470 2776 1637 2804 causa:
1689 2764 2013 2815 Monosjllabic

1119 2819 1416 2869 prepositions
1447 2831 1520 2857 are
1550 2819 1810 2869 frequently
1831 2823 1913 2868 put
1940 2818 2013 2855 be-

1119 2878 1266 2910 tween
1294 2872 1540 2923 adjectives
1575 2873 1661 2910 and
1692 2871 2010 2918 substantives,

1123 2926 1226 2973 150,
1248 2925 1354 2975 227,
1375 2925 1482 2964 253.
1539 2926 1589 2965 G.
1612 2926 1704 2971 680,
1726 2926 1775 2964 R.
1796 2926 1832 2964 2.

1177 2979 1210 2999 ⁷⁴
1232 2978 1513 3017 Dicerentur
1528 3002 1582 3007 —
1597 2979 1852 3016 deterreret
1873 2992 1882 3017 ε
1935 2977 2013 3016 De-

1120 3033 1316 3083 pendent
1337 3033 1671 3083 interrogative,
1693 3032 1766 3071 38.
1823 3032 1874 3071 G.
1894 3031 1987 3071 469.

1177 3086 1210 3109 ⁷5
1231 3085 1453 3125 Omnibus
1481 3087 1618 3124 rebus
1637 3099 1646 3125 ;
1687 3085 1759 3124 31.
1833 3085 1885 3126 G.
1920 3086 2002 3131 195,
