2243 3465
685 151 757 186 DE
793 150 978 187 GESTIS
1013 151 1367 211 ALExANDRI.
1882 141 1944 188 49

109 278 247 328 inter
285 280 686 346 Hellespontum
725 286 777 332 et
824 283 1001 349 Halyn
1040 300 1247 332 amnem
1284 283 1466 344 sitam3
1514 282 1637 331 inde
1678 282 1943 332 Orientem

110 358 466 418 spectantibus
503 359 653 407 terris
678 362 986 407 contentum
1020 376 1070 408 se
1107 362 1228 408 fore.
1305 359 1602 407 Alexander
1628 359 1704 417 iis,
1732 358 1822 422 qui
1859 359 1944 407 lit-

107 434 242 480 teras
278 434 601 493 attule1·ant,²
630 435 910 498 respondit,
938 435 1167 484 Dareum
1195 436 1291 484 sibi
1329 436 1499 484 aliena
1534 436 1849 499 promittere,
1878 440 1942 494 et,

106 508 247 570 quod
271 512 443 557 totum
470 511 734 570 amiserit,³
761 511 888 560 velle
923 512 1121 574 partiri.
1192 513 1354 576 Leges
1390 518 1565 560 autem
1604 529 1633 560 a
1658 512 1943 561 victoribus

106 583 224 642 dici,
252 585 414 649 accipi
440 602 469 633 a
492 586 658 635 victis.
729 587 806 646 Se,
834 603 957 635 cum
983 587 1232 636 transiret
1269 603 1424 646 mare,
1450 604 1555 636 non
1586 587 1824 636 Ciliciam
1852 591 1944 637 aut

107 660 341 724 Lydiam,
383 662 466 710 sed
509 662 840 725 Persepolim,
881 667 1038 726 capnt
1085 664 1232 728 regni
1275 664 1400 728 ejus,
1440 665 1630 713 Bactra
1670 664 1854 713 deinde
1893 667 1944 713 et

105 735 374 785 Ecbatana
398 737 678 802 ultimique
706 738 937 787 Orientis
963 755 1106 788 oram
1133 740 1350 804 imperio
1376 756 1468 789 suo
1494 740 1790 789 destinasse.

171 814 247 860 22.
285 813 409 872 Rex,
454 813 841 877 Hephaestione
883 815 1171 864 Phoenices
1214 817 1375 865 oram¹
1420 817 1578 865 classe
1620 817 1942 880 praetervehi

102 886 257 953 jusso,
284 888 349 936 ad
384 889 568 937 urbem
606 890 798 939 Gazam
835 907 955 940 cum
993 893 1238 941 omnibus
1275 893 1437 956 copiis
1472 893 1629 942 venit.
1699 894 1941 943 Praeerat

91 964 240 1012 urbi²
266 964 426 1024 Betis,
451 965 532 1013 vir
557 966 774 1015 eximiae
810 967 865 1015 in
896 984 1067 1032 regem
1105 984 1259 1017 suum
1298 969 1431 1028 fidei,
1458 970 1763 1034 modicoque
1798 987 1940 1035 prae-

104 1039 236 1088 sidio
273 1056 450 1090 muros
485 1041 714 1106 ingentis
739 1044 906 1106 operis
942 1046 1202 1093 tuebatur.
1276 1044 1480 1094 Deinde
1504 1062 1737 1111 egressus
1772 1047 1940 1110 porta³

102 1115 263 1165 infert
298 1118 447 1182 signa
471 1118 858 1168 Macedonibus.
928 1120 1038 1168 Rex
1076 1121 1204 1169 dum
1239 1121 1378 1169 inter
1413 1123 1662 1185 primores
1689 1123 1939 1183 dimicat,⁴

102 1192 293 1256 sagitta
326 1194 462 1242 ictus
498 1199 589 1244 est.
659 1195 855 1244 Tamen
882 1196 974 1245 diu
1011 1199 1131 1245 ante
1169 1197 1282 1261 ipsa
1321 1198 1470 1262 signa
1493 1199 1574 1247 vel
1612 1199 1940 1249 dissimulato

102 1269 182 1317 vel
223 1269 360 1319 victo
403 1270 577 1319 dolore
620 1272 933 1335 perstiterat,
977 1289 1098 1322 cum
1147 1274 1402 1339 sangnine
1448 1275 1644 1340 largius
1692 1281 1940 1326 manante.

101 1345 271 1410 linqui
298 1347 472 1396 animo
493 1350 544 1395 et
564 1348 804 1396 submitti
829 1366 967 1414 genn
988 1351 1156 1413 coepit
1172 1351 1206 1411 ;5
1226 1351 1399 1414 quem⁶
1419 1352 1643 1414 proximi
1664 1360 1940 1417 exceptum

99 1423 153 1471 in
196 1427 362 1471 castra
399 1428 716 1488 receperunt.
800 1425 942 1474 Betis
984 1427 1322 1475 interfectum
1361 1429 1523 1476 ratns⁷
1558 1430 1740 1477 urbem
1780 1445 1940 1479 ovans

99 1499 316 1549 victoria
363 1501 566 1564 repetit.
658 1502 734 1549 At
780 1501 1073 1550 Alexander
1119 1503 1357 1551 nondum
1403 1508 1676 1567 percurato
1725 1507 1940 1555 vulnere.

97 1592 350 1642 aggerem,
378 1593 478 1640 qno
515 1577 785 1626 moenium
821 1578 1177 1627 altitudinem⁸
1201 1581 1480 1643 aeqna1·et,⁹
1507 1582 1766 1630 exstruxit
1792 1583 1937 1631 cuni-

99 1653 332 1716 culisque
370 1668 548 1701 muros
587 1654 768 1702 subrui
806 1654 976 1719 jussit.
1050 1655 1149 1703 Per
1187 1657 1324 1703 muri
1361 1657 1541 1705 ruinas
1577 1657 1738 1707 hostis
1775 1659 1938 1707 intra-

97 1729 188 1778 vit.
259 1728 498 1778 Ducebat
532 1728 640 1793 ipse
676 1746 765 1778 rex
803 1731 1187 1796 antesignanos,
1214 1736 1265 1781 et
1292 1732 1420 1780 dnm
1458 1734 1722 1783 incautius
1760 1736 1937 1795 subit,⁴

97 1821 221 1854 saxo
253 1821 371 1855 crus
407 1807 517 1871 ejus
536 1806 816 1872 adfligitur.
896 1808 1123 1858 Innixus
1159 1813 1331 1858 tamen
1373 1810 1477 1858 telo
1514 1810 1653 1859 inter
1688 1812 1937 1875 primores

95 1882 329 1944 dimicat,
357 1882 434 1931 ira
459 1899 660 1947 qnoque
695 1900 956 1944 accensus,
983 1884 1123 1949 quod
1151 1885 1255 1934 duo
1281 1885 1337 1934 in
1364 1886 1632 1935 obsidione
1657 1888 1801 1936 urbis
1826 1888 1936 1952 ejus

94 1958 312 2007 vulnera
346 1963 627 2022 acceperat.
697 1960 865 2008 Betim
895 1961 1100 2025 egregia
1125 1962 1263 2010 edita
1299 1978 1476 2027 pugna
1513 1963 1797 2027 multisque
1822 1965 1936 2013 vul-

95 2034 306 2082 neribus
323 2036 621 2083 confectum
638 2036 977 2085 deseruerunt
994 2037 1073 2085 sui
1087 2038 1139 2098 3¹⁰
1154 2054 1245 2086 nec
1264 2043 1436 2086 tamen
1455 2039 1663 2102 segnius
1679 2040 1933 2103 proelium

93 2111 389 2174 capessebat
426 2110 642 2160 lubricis
678 2113 834 2161 armis
861 2129 953 2161 suo
989 2115 1183 2176 pariter
1219 2120 1373 2179 atque
1400 2115 1631 2164 hostium
1659 2117 1925 2181 sanguine.

96 2186 195 2236 Sed
221 2203 342 2236 cum
369 2188 600 2251 undique
627 2189 744 2237 telis
780 2193 1057 2253 peteretur,
1085 2191 1150 2239 ad
1176 2195 1499 2254 postremum
1526 2192 1789 2242 exhaustis
1815 2195 1934 2242 viri-

92 2263 204 2323 bus,
230 2264 379 2312 vivus
407 2264 463 2311 in
488 2266 799 2328 potestatem
824 2266 1057 2315 hostium
1082 2269 1333 2330 pervenit.
1405 2268 1504 2317 Per
1531 2269 1662 2318 talos
1688 2269 1934 2333 spirantis

91 2339 202 2388 lora
225 2340 442 2404 traJ'ecta
468 2344 605 2400 sunt,
627 2341 1008 2406 religatumque
1033 2344 1096 2391 ad
1124 2359 1336 2392 currum
1364 2348 1564 2393 traxere
1586 2345 1724 2394 circa
1751 2348 1933 2396 urbem

91 2415 225 2479 equi,
253 2416 509 2480 gloriante
535 2433 666 2481 rege,
691 2418 972 2478 Achillem,
998 2435 1027 2467 a
1051 2436 1153 2483 quo
1178 2437 1344 2484 genus
1379 2421 1488 2485 ipse
1525 2421 1790 2482 duceret,¹¹
1818 2423 1932 2471 imi-

92 2493 263 2540 tatum
289 2508 339 2540 se
364 2508 469 2540 esse
494 2508 660 2556 paena
685 2494 736 2542 in
767 2494 969 2543 hostem
995 2497 1298 2559 capienda.¹²

158 2571 234 2616 23.
270 2568 515 2633 Aegyptii
559 2569 682 2618 olim
730 2570 900 2619 Persis
940 2571 1395 2637 infensi—quippe
1431 2590 1580 2622 avare
1622 2576 1674 2623 et
1716 2577 1932 2639 superbe

91 2644 452 2708 imperitatum
479 2644 591 2694 sibi¹
620 2661 726 2694 esse
751 2647 1165 2697 credebant—ad
1201 2665 1344 2713 spem
1382 2650 1640 2699 adventus
1677 2653 1810 2716 regis
1836 2669 1933 2702 ere·

93 2725 277 2770 xerant
297 2721 509 2769 animos.
573 2721 746 2786 Igitur
765 2722 950 2787 ingens
971 2725 1258 2773 multitudo
1280 2726 1565 2785 Pelusium,
1587 2744 1688 2792 qua
1709 2729 1762 2776 in
1772 2731 1932 2776 tratu-

93 2813 180 2846 rus
207 2797 495 2856 videbatur,
521 2802 847 2847 convenerat.
916 2800 1092 2864 Atque
1128 2802 1216 2850 ille
1243 2803 1462 2866 septimo
1487 2804 1568 2851 die
1603 2807 1877 2868 postquam
1904 2821 1932 2853 a

96 2874 235 2922 Gaza
259 2874 433 2936 copias
459 2874 725 2930 moverat‚²
750 2874 807 2922 in
843 2876 1107 2940 regionem
1131 2878 1374 2943 Aegypti,
1400 2895 1558 2943 qnam
1582 2895 1726 2928 nunc
1753 2880 1932 2930 Castra

95 2949 382 2998 Alexandri
415 2953 619 3010 vocant,
645 2951 895 3014 pervenit.
965 2952 1182 3015 Deinde,
1223 2955 1548 3018 pedestribus
1585 2955 1742 3019 copiis
1780 2956 1931 3004 Pelu-

157 3070 176 3093 θ
192 3071 265 3108 626,
287 3070 332 3104 R.
379 3069 394 3092 ³
411 3070 484 3110 030,
501 3071 573 3104 657.
744 3071 824 3107 22.
852 3072 864 3093 ¹
883 3073 954 3106 330.
1000 3073 1016 3095 ²
1033 3074 1105 3107 346.
1153 3074 1167 3096 ⁸
1184 3075 1256 3108 388.
1305 3076 1319 3097 ⁴
1337 3076 1408 3108 572.
1457 3075 1472 3097 ⁵
1488 3076 1560 3108 582.
1608 3076 1622 3097 θ
1640 3076 1713 3109 612.
1761 3076 1776 3097 ⁷
1791 3076 1864 3117 278,
1886 3076 1924 3111 P.

98 3122 115 3146 ⁸
129 3122 206 3163 345,
223 3122 267 3155 R.
287 3122 315 3155 1.
362 3121 378 3144 ⁹
395 3123 467 3155 632.
515 3123 548 3144 ¹⁰
565 3123 637 3163 295,
651 3122 695 3156 R.
713 3123 742 3157 1.
788 3124 819 3146 ¹¹
838 3124 910 3157 630.
959 3124 991 3146 ¹²
1008 3126 1080 3159 432.
1208 3126 1288 3164 23.
1314 3127 1325 3148 ¹
1345 3128 1416 3160 208.
1463 3127 1477 3148 2
1495 3128 1568 3160 566.

497 3180 526 3225 3

2231 0 2243 18 s]

2228 57 2243 135 i:

2228 142 2240 178 'l‘

2230 172 2243 238 ἒ

2230 243 2243 283 ι’

2231 287 2243 309 -l
