2243 3465
668 141 739 176 DE
775 140 958 177 GEs‘ris
993 139 1348 176 ALEXANDRL
1858 129 1920 179 71

91 271 198 320 nali
236 271 509 337 claudique
546 273 741 338 regiam
773 273 945 336 jussit,
981 272 1225 320 omnibus
1259 273 1462 335 praeter
1497 273 1727 320 assuetos
1762 271 1918 320 adire‘*

90 349 383 412 prohibitis.
456 349 686 413 Biduum
712 350 813 397 irae
840 349 1021 397 datum
1049 353 1153 409 est3
1192 348 1344 397 tertio
1372 347 1454 395 die
1479 348 1743 410 processit,
1771 347 1922 412 erigi·

89 441 186 488 que
208 425 480 473 duodecim
502 441 615 474 aras
635 441 693 473 ex
716 425 967 489 quadrato
995 441 1130 483 saxo,
1154 428 1560 472 monumentum
1580 423 1923 487 expeditionis

89 516 225 560 suae,
264 501 422 566 jussit
464 501 678 550 exstrui.
763 501 907 548 Hinc
946 507 1198 564 repetens,
1241 516 1371 563 quae
1414 515 1652 548 emensus
1693 504 1815 558 erat,
1859 500 1924 548 ad

90 577 287 626 flumen
339 578 615 626 Acesinem
665 577 802 625 locat
844 579 1023 624 castra.
1117 576 1319 624 Deinde
1369 575 1636 624 Oceanum
1685 575 1925 624 aditurus

91 655 304 702 classem
348 654 491 702 mille
532 654 746 701 navium
789 652 1048 701 aedificari
1085 652 1255 716 jussit.
1326 651 1602 700 Discordes
1645 651 1838 700 Porum
1876 656 1926 700 et

90 729 307 778 Taxilen
335 730 513 778 Indiae
533 744 689 793 regeS,
707 729 912 776 firmata
936 744 1025 792 per
1049 728 1375 776 adfinitatem
1400 729 1579 792 gratia,
1600 727 1850 791 relinquit
1869 727 1923 775 in

89 808 196 855 suis
222 807 406 870 regnis,
434 821 639 854 summo
665 805 720 852 in
745 804 1064 853 aedificanda
1089 806 1246 853 classe
1282 805 1555 853 amborum
1581 803 1756 852 studio
1784 819 1919 851 usus.

91 882 294 946 Oppida
319 897 522 946 quoque
547 880 651 929 duo
677 880 928 940 condidit,
955 897 1180 945 quorum
1217 881 1440 929 alterum
1466 880 1714 928 Nicaeam
1751 880 1922 943 appel-

87 958 231 1017 lavit,
267 959 493 1006 alterum
529 957 900 1020 Bucephalam,
928 957 1046 1021 equi
1081 957 1274 1005 mortui
1310 956 1587 1005 memoriae
1623 972 1681 1004 ac
1718 956 1919 1004 nomini

88 1035 332 1084 dedicans
374 1035 572 1083 urbem.
663 1033 975 1097 Elephantis
1023 1033 1206 1081 deinde
1254 1036 1306 1081 et
1352 1032 1742 1096 impedimentis
1788 1035 1925 1080 terra

87 1112 231 1175 sequi
252 1110 424 1175 jussis,
452 1110 680 1159 secundo
707 1126 857 1158 amne
884 1109 1118 1158 defluxit.

153 1191 228 1236 56.
267 1188 583 1236 Perventum
623 1190 733 1234 erat
779 1186 834 1234 in
878 1187 1151 1250 regionem,
1192 1185 1243 1234 in
1300 1202 1402 1250 qua
1443 1184 1714 1250 Hydaspes
1755 1184 1924 1233 amnis

86 1263 297 1312 Acesini
323 1263 684 1312 committitur.
754 1262 898 1310 Hinc
923 1262 1154 1311 decurrit
1188 1263 1240 1310 in
1280 1263 1409 1310 fines
1444 1261 1701 1320 Siborum,
1728 1261 1816 1324 qui
1842 1261 1921 1309 de¹

87 1340 316 1388 exercitu
344 1339 588 1388 Herculis
613 1339 830 1403 majores
856 1354 973 1387 suos
999 1354 1105 1387 esse
1130 1340 1434 1387 memorant.
1501 1338 1668 1386 Pelles
1693 1338 1921 1386 ferarum

86 1432 178 1481 pro
215 1420 367 1475 veste,
393 1416 565 1465 clavae
600 1415 703 1463 tela
738 1418 900 1463 erant.
969 1415 1320 1463 Exscensione
1355 1416 1492 1463 facta
1527 1414 1708 1462 urbem
1745 1429 1925 1462 eorum

86 1509 386 1557 expugnare
423 1491 636 1540 adortus
673 1488 962 1555 magnaque
993 1491 1044 1540 vi
1081 1491 1475 1540 defendentium
1513 1490 1694 1554 pulsus
1730 1489 1924 1538 multos

87 1568 434 1617 Macedonum
460 1567 649 1616 amisit.
721 1567 821 1616 Sed
856 1583 976 1615 cum
1014 1567 1068 1615 in
1097 1567 1363 1616 obsidione
1397 1569 1754 1630 perseveraret,
1780 1566 1924 1629 oppi-

86 1644 210 1693 dani
235 1645 504 1708 desperata
529 1644 695 1692 salute
731 1643 906 1707 ignem
934 1643 1269 1707 subjecerunt
1293 1643 1444 1692 tectis
1469 1659 1622 1708 seque
1648 1658 1706 1691 ac
1734 1643 1924 1691 liberos

86 1720 433 1785 conjugesque
458 1719 702 1768 incendio
728 1723 1099 1768 cremaverunt.

154 1797 283 1846 Inde
319 1799 532 1844 ventum
577 1799 654 1844 est
694 1789 750 1844 in
787 1795 1050 1860 regionem
1088 1795 1481 1860 Oxydracarum
1521 1795 1919 1859 Mallorumque,

87 1889 214 1938 quos
240 1873 364 1921 alias
387 1872 578 1921 bellare.
603 1873 741 1920 inter
765 1887 816 1920 se
837 1872 1015 1921 solitos
1032 1876 1162 1920 tunc
1186 1871 1406 1935 periculi
1426 1872 1680 1936 societas⁹j
1690 1875 1923 1920 unxerat.

88 1950 223 1999 Cum
266 1949 459 2013 proelio
497 1950 662 1997 victor
696 1952 841 2007 esset,
878 1948 1165 1996 exercitum
1206 1948 1270 1996 ad
1314 1949 1497 1996 urbem
1540 1964 1719 1996 eorum
1761 1948 1923 1996 ducit.

86 2027 201 2089 Ipse
227 2025 290 2074 de
315 2041 473 2084 muro
507 2040 660 2088 quem
685 2024 887 2087 primus
914 2030 1130 2087 ceperat,
1155 2024 1211 2071 in
1238 2023 1381 2072 urbis
1409 2023 1684 2087 planitiem
1710 2023 1923 2072 desiluit

86 2108 241 2166 atque
267 2117 405 2150 unus
430 2101 513 2149 ad*
531 2115 672 2149 ersus
698 2105 776 2148 tot
801 2100 946 2148 milia
970 2100 1263 2163 proeliatur.
1333 2099 1441 2149 Ubi
1463 2116 1580 2148 vero
1599 2099 1746 2148 obrui
1787 2100 1922 2148 mul-

86 2178 315 2226 titudine
343 2193 393 2226 se
418 2177 566 2236 vidit,
593 2178 781 2224 trunco
809 2192 874 2235 se,
902 2176 990 2240 qui
1015 2181 1227 2240 propter
1251 2192 1461 2224 murum
1489 2177 1672 2236 stabat,
1698 2175 1922 2240 applica-

86 2255 191 2315 vit;
230 2254 382 2318 cujus
418 2253 614 2302 auxilio
651 2255 814 2312 tutus,
841 2268 962 2301 cum
999 2253 1089 2300 diu
1126 2253 1299 2302 hostes
1336 2252 1684 2312 sustinuisset,
1711 2253 1923 2301 tandem

86 2330 295 2396 cognito
337 2329 569 2394 periculo
612 2329 723 2393 ejus
763 2328 922 2378 amici
963 2328 1029 2377 ad
1069 2345 1189 2377 eum
1233 2328 1497 2377 desiliunt.
1588 2328 1671 2377 Ex
1715 2329 1921 2393 quibus¹

86 2407 243 2455 multi
269 2406 428 2467 caesi3
464 2405 824 2469 proeliumque
851 2404 1054 2453 tamdiu
1090 2420 1278 2468 anceps
1303 2405 1420 2464 fuit,
1447 2404 1618 2469 quoad
1643 2405 1811 2454 omnis
1836 2421 1922 2453 ex-

87 2483 296 2541 ercitus,
316 2481 480 2530 muris
505 2481 731 2545 dejectis,
752 2481 807 2529 in
836 2481 1093 2530 auxilium
1114 2481 1271 2530 venit.
1341 2481 1404 2529 In
1432 2496 1489 2529 eo
1515 2481 1708 2545 proelio
1735 2481 1924 2545 sagitta

88 2560 183 2607 sub
220 2573 448 2606 mamma
483 2557 732 2621 trajectus
766 2560 856 2605 est.
928 2557 1143 2605 Curatio
1168 2556 1400 2605 vulneris
1435 2557 1643 2620 gravior
1677 2556 1787 2620 ipso
1813 2557 1923 2605 vul-

87 2651 207 2683 nere
233 2634 347 2682 fuit.
417 2633 638 2697 Corpore
665 2634 806 2681 enim
830 2633 1030 2681 nudato
1057 2633 1247 2681 medici
1282 2633 1710 2682 animadvertunt
1741 2633 1922 2681 hamos

67 2699 252 2759 ‘inesse
294 2710 413 2769 telo,
439 2725 533 2758 nec
574 2709 723 2757 aliter
757 2709 813 2757 id
854 2710 964 2758 sinc
999 2709 1227 2773 pernicie
1264 2709 1492 2771 corporis
1528 2709 1729 2757 extrahi
1765 2725 1922 2772 posse,

89 2792 245 2850 quam
282 2786 360 2834 ut³
398 2785 616 2833 secando
654 2785 846 2834 vulnus
882 2790 1147 2849 augerent.
1241 2784 1506 2834 Patefacto
1556 2785 1720 2850 igitur
1767 2784 1923 2832 latius

90 2864 301 2910 vulnere
339 2866 390 2910 et
426 2861 624 2925 spiculo
660 2862 850 2919 evulso,
876 2860 1057 2925 ingens
1090 2860 1167 2908 vis
1203 2861 1474 2926 sanguinis
1509 2877 1717 2909 manare
1754 2861 1922 2923 coepit

90 2938 361 3003 linquique
385 2937 559 2986 animo
586 2953 674 2985 rex
711 2940 761 2985 et
787 2936 1007 3001 caligine
1032 2936 1197 2985 oculis
1222 2938 1386 2986 offusa
1409 2937 1554 2986 velut
1577 2935 1919 2985 moribundus

345 3109 360 3130 ⁶
378 3108 452 3150 547,
469 3108 514 3142 R.
533 3108 562 3142 1.
775 3108 853 3144 56.
881 3108 893 3131 ¹
911 3109 982 3149 371,
1001 3109 1043 3142 R.
1061 3109 1092 3142 5.
1159 3108 1175 3131 ²
1191 3109 1265 3149 357,
1283 3108 1327 3141 R.
1343 3110 1378 3142 2.
1443 3108 1458 3129 ἕ
1474 3108 1546 3149 556,
1567 3107 1612 3142 R.
1630 3108 1650 3142 3
