2243 3465
261 180 322 226 52
951 180 1126 218 LATIN
1162 178 1402 216 READER.

264 320 492 371 Orientis
528 319 735 383 plagam
760 317 869 365 tam
894 315 1156 364 violentus
1193 312 1476 360 invehitur.
1552 309 1736 373 Itaque
1762 323 1791 356 a
1816 305 2092 363 celeritate,

263 415 364 462 qua
407 396 604 455 defluit,
649 392 816 458 Tigri⁸
858 407 1049 440 nomen
1094 394 1171 438 est
1219 388 1463 446 inditum,
1506 386 1628 450 quia
1669 384 1873 433 Persica
1913 381 2095 445 lingua.

264 475 447 538 Tigrin
480 472 722 537 sagittam
749 468 1033 532 appellant.
1105 466 1278 530 Igitur
1302 464 1469 528 pedes,
1496 461 1817 511 circumdato
1843 458 2095 523 equitatu,

263 551 444 599 levatis
480 564 632 612 super
657 546 827 610 capita
863 544 1020 593 armis
1058 541 1259 590 transit.
1330 538 1503 588 Deleri
1538 537 1731 601 potuit⁹
1759 535 2029 592 exercitus,
2057 532 2099 582 si

263 627 379 692 quis
406 627 610 675 vincere
635 639 790 672 ausus
816 625 960 680 esset,
987 619 1074 668 sed
1098 619 1348 683 perpetua
1372 617 1584 665 fortuna
1609 613 1742 677 regis
1767 611 1954 661 avertit
1979 610 2099 658 inde

263 704 481 752 hostem.

331 783 408 828 26.
446 778 634 827 Biduo¹
661 776 731 824 ibi
759 791 847 823 rex
874 773 1064 823 stativa
1088 770 1288 820 habuit.
1365 769 1428 818 In
1456 768 1547 816 illo
1573 766 1760 815 itinere
1785 779 1920 813 uxor
1943 760 2100 811 Darei

265 857 470 920 captiva
495 858 703 902 mortua
728 855 837 900 erat
867 849 1030 899 animi
1066 845 1393 912 aegritudine
1419 845 1668 893 confecta.
1740 841 1902 905 Cujus
1927 838 2102 888 morti²

266 949 384 981 cum
408 930 766 979 Alexandrum
786 927 1121 975 illacrimasse
1139 922 1505 988 exsequiasque
1524 920 1749 984 benigne
1770 924 2103 982 prosecutum

266 1025 370 1058 esse
401 1009 570 1056 Dareo
598 1005 903 1054 nuntiatum
932 1004 1079 1061 esset,
1107 1003 1304 1065 legatos
1343 999 1500 1056 misit,
1526 996 1615 1060 qui
1641 995 1832 1060 gratias
1857 991 2102 1057 agerent,³

266 1086 406 1150 quod
445 1083 580 1132 nihil
619 1083 673 1130 in
714 1096 831 1130 suos
870 1078 1055 1128 hostile
1095 1075 1337 1125 fecisset.⁴
1432 1073 1596 1123 Offert
1635 1071 1819 1120 deinde
1856 1070 2103 1133 majorem

266 1168 467 1228 partem
492 1161 637 1225 regni
664 1174 827 1222 usque
857 1155 923 1204 ad
953 1155 1150 1203 flumen
1177 1152 1502 1217 Euphraten,
1530 1165 1622 1214 pro
1649 1147 1860 1212 reliquis
1887 1143 2104 1208 captivis

271 1239 492 1303 triginta
538 1235 683 1284 milia
729 1234 1064 1282 talentorum.
1168 1229 1267 1279 Sed
1315 1227 1614 1276 Alexander
1650 1222 2008 1279 Parmenione,
2046 1224 2106 1268 ut

269 1315 523 1378 acciperet
558 1327 687 1376 quae
724 1307 1053 1359 offerrentur⁵
1079 1306 1346 1363 suadente,
1372 1303 1444 1352 Et
1481 1318 1588 1365 ego,
1616 1300 1805 1364 inquit,
1830 1296 2106 1363 pecuniam

272 1408 424 1455 quam
468 1390 688 1454 gloriam
726 1386 952 1444 mallem,
994 1383 1037 1432 si
1084 1381 1361 1432 Parmenio
1402 1378 1604 1428 0880111.Β
1686 1375 1903 1425 Dimissi
1950 1372 2107 1438 legati

269 1467 538 1529 nuntiant,
567 1465 737 1513 adesse
765 1464 1040 1511 certamen.

336 1546 413 1594 27.
450 1540 763 1598 Alexander,
791 1554 908 1587 cum
937 1536 1081 1585 haud
1116 1533 1324 1600 longius
1350 1533 1564 1581 centum
1589 1528 1975 1595 quinquaginta
2011 1528 2109 1575 sta-

271 1619 370 1668 diis
408 1619 640 1667 Dareum
684 1632 713 1664 a
751 1631 801 1664 se
839 1615 1010 1662 abesse
1050 1610 1397 1676 comperisset,
1435 1610 1603 1657 castra
1642 1606 1818 1654 movit.
1911 1604 2109 1652 Dextra

270 1696 455 1760 Tigrin
483 1694 720 1751 habebat,
737 1692 782 1740 a¹
809 1692 952 1739 laeva
976 1691 1196 1746 montes,
1217 1701 1346 1751 quos
1373 1684 1634 1733 Gordaeos
1653 1684 1853 1731 vocant.
1907 1680 2108 1729 Dareus

273 1773 449 1821 decem
488 1769 653 1820 stadia
687 1782 1004 1832 progressus,
1047 1764 1240 1813 milites
1280 1762 1555 1811 subsistere
1591 1759 1747 1824 jussit
1786 1760 2109 1820 armatosque

273 1849 476 1897 hostem
501 1848 807 1909 exspectare.
866 1842 1122 1899 Mazaeus,
1143 1840 1233 1905 qui
1256 1855 1376 1888 cum
1404 1836 1613 1886 delectis
1634 1835 1869 1899 equitum
1896 1833 1950 1881 in
1971 1832 2110 1880 edito

275 1925 420 1983 colle,
460 1939 520 1972 ex
560 1938 662 1986 quo
701 1919 1049 1969 Macedonum
1087 1915 1536 1981 prospiciebantur
1574 1914 1754 1970 castra,
1794 1909 2109 1969 consederat,

276 2002 381 2050 sive
422 2004 581 2058 metii,
620 2001 724 2047 sive
767 1995 889 2061 quia
931 1993 1184 2058 speculari
1226 1991 1380 2040 modo
1417 1990 1592 2054 jussus
1629 1991 1751 2047 erat,
1777 1986 1843 2036 ad
1881 1986 2111 2035 Dareum

274 2076 444 2126 rediit.
512 2074 821 2124 Macedones
858 2088 977 2120 eum
1013 2071 1186 2134 ipsum
1224 2068 1422 2124 collem,
1450 2082 1603 2130 quem
1629 2064 1936 2122 deseruerat,
1962 2078 2112 2111 occu-

275 2155 548 2219 paverunt.
607 2151 738 2199 Inde
757 2152 867 2198 tota
887 2148 1020 2196 acies
1040 2145 1287 2204 hostium,
1309 2160 1438 2208 quae
1464 2142 1519 2190 in
1541 2158 1650 2190 cam
1658 2158 1722 2204 po
1743 2140 2111 2204 explicabatur,

278 2228 704 2293 conspiciebatur.
777 2225 888 2274 Nec
910 2225 1015 2288 jam
1046 2221 1305 2271 contineri
1343 2219 1652 2267 Macedones
1683 2220 1938 2281 poterant,
1964 2215 2112 2279 (111111ὓ

279 2321 436 2355 cursu
473 2304 536 2353 ad
575 2304 773 2351 hostem
800 2300 1187 2350 contenderent.
1259 2295 1356 2345 Sed
1393 2294 1689 2343 Alexander
1715 2295 1881 2342 castra
1914 2291 2113 2340 muniri

276 2383 446 2448 jussit.
510 2381 717 2429 Postero
745 2378 824 2426 die
850 2376 1011 2425 aciem
1037 2374 1282 2438 disponit.
1349 2371 1581 2420 Laevum
1607 2385 1785 2428 cornu,
1812 2367 1947 2416 sicut
1972 2368 2112 2428 alias,

281 2457 613 2508 Parmenioni
641 2453 915 2504 tuendum³
943 2453 1141 2510 datum,
1167 2450 1273 2513 ipse
1298 2448 1352 2496 in
1381 2448 1563 2495 dextro
1591 2447 1772 2494 stabat.

347 2538 425 2584 28.
462 2534 662 2582 Dareus
697 2531 753 2579 in
789 2531 933 2579 laevo
965 2544 1128 2577 cornu
1165 2532 1289 2584 erat,
1316 2523 1543 2572 delectis¹
1571 2521 1829 2586 equitum⁹
1854 2519 2114 2584 peditum-

282 2628 380 2676 que
408 2610 640 2673 stipatus.
711 2608 852 2655 Ante
882 2622 931 2654 80
959 2605 1174 2653 falcatos
1200 2616 1383 2650 currus
1407 2599 1644 2657 habebat,
1670 2613 1796 2661 quos
1824 2597 1968 2661 signo
1995 2596 2114 2644 dato

284 2687 549 2736 universos
573 2686 628 2732 in
654 2685 855 2732 hostem
882 2682 1080 2730 effudit.
1151 2679 1394 2727 Ruebant
1429 2675 1616 2724 laxatis
1651 2673 1866 2722 habenis
1892 2672 2114 2735 aurigae,

282 2764 404 2830 quo³
441 2764 629 2827 plures,
660 2760 896 2807 nondum
934 2758 1057 2806 satis
1094 2755 1296 2819 proviso
1335 2753 1551 2816 impetu,
1591 2751 1896 2799 obtererent.
1970 2748 2115 2796 Alios

283 2843 459 2890 hastae
503 2837 733 2886 multum
778 2836 916 2882 ultra
963 2837 1224 2881 temonem
1267 2829 1568 2885 eminentes,
1612 2826 1738 2875 alios
1785 2826 1848 2874 ab
1897 2827 2115 2886 utroque

286 2918 440 2965 latere
462 2913 699 2962 dimissae
721 2912 874 2960 falces
899 2911 1195 2957 laceravere.
1264 2906 1375 2954 Nec
1402 2904 1591 2953 sensim
1616 2902 1784 2965 prima
1809 2903 1956 2964 signa
1975 2900 2116 2948 cede-

285 2993 413 3041 bant
450 2991 536 3039 sed
571 2990 730 3037 effusa
766 2988 889 3050 fuga
925 2986 1264 3033 turbaverant
1300 2981 1518 3030 ordines.
1603 2977 1804 3027 Deinde
1841 2992 2024 3025 currus
2062 2976 2115 3024 in
2144 3011 2148 3014 -

348 3112 362 3134 ⁸
380 3112 449 3145 322.
517 3110 532 3131 ⁹
550 3110 621 3147 599,
640 3108 683 3140 R.
701 3109 732 3140 3.
944 3104 1024 3141 26.
1054 3106 1065 3126 ¹
1084 3105 1155 3143 392,
1175 3103 1217 3135 R.
1237 3104 1267 3136 2.
1334 3102 1350 3124 ⁹
1366 3103 1437 3135 346.
1506 3100 1520 3122 ⁸
1537 3100 1609 3133 632.
1676 3099 1691 3120 ⁴
1708 3098 1780 3130 542.
1847 3096 1863 3117 ⁶
1879 3096 1950 3129 630.
2011 3095 2026 3117 ⁶
2043 3095 2115 3130 599.

289 3164 367 3201 2⁸².
395 3165 405 3185 ¹
425 3163 495 3204 388,
518 3162 558 3195 R.
577 3163 606 3194 2.
653 3160 668 3182 2
686 3160 757 3192 551.
804 3158 818 3180 3
835 3158 908 3191 431.
1038 3156 1118 3192 28.
1147 3157 1157 3178 ¹
1176 3157 1249 3195 391,
1266 3155 1310 3188 R.
1329 3155 1359 3188 2.
1405 3153 1420 3176 ²
1437 3153 1510 3194 371,
1526 3152 1571 3186 R.
1589 3153 1621 3185 7.
1666 3150 1681 3172 ³
1697 3150 1769 3190 545,
1786 3148 1817 3182 2.
