2243 3465
687 138 758 173 DE
794 135 978 191 Gnsris
1013 135 1364 171 ALEXANDRI.
1880 123 1940 172 61

118 274 244 321 tum.
314 272 571 321 Locorum
598 271 845 334 asperitas
879 268 1156 317 hominum
1183 283 1390 332 quoque
1416 266 1627 330 ingenia
1652 265 1938 314 duraverat.

117 349 508 397 Gelidissimum
551 346 918 410 septentrionis
960 361 1108 393 axem
1151 345 1230 392 ex²
1274 359 1464 407 magna
1505 347 1650 406 parte
1693 344 1942 405 spectant,

117 425 407 474 Bactrianis
453 424 534 472 ab²
574 423 836 472 occidente
879 420 1148 485 conjuncti
1187 425 1325 478 sunt,
1369 418 1655 466 meridiana
1692 419 1831 480 regio
1879 417 1942 466 ad

116 518 253 550 mare
275 502 518 549 Indicum
539 500 718 563 vergit.
778 498 1013 562 Tuguria
1037 496 1213 544 latere³
1235 497 1464 554 struunt,
1486 495 1735 542 foramine
1762 495 1942 542 relicto

117 594 334 641 superne
372 578 549 625 lumen
588 574 890 624 admittunt.
967 573 1115 622 Vites
1141 576 1191 620 et
1227 572 1447 629 arbores,
1476 571 1671 635 siquae
1707 570 1759 618 in
1796 573 1943 617 tanto

118 659 280 702 terrae
307 655 473 718 rigore
498 653 682 700 durare
707 649 1030 713 potuerunt,⁴²
1056 649 1316 708 obruunt3
1354 647 1564 711 penitus
1589 647 1756 695 hieme
1782 647 1944 695 defos-

117 746 196 778 sae
239 731 432 789 latent3
483 744 604 776 cum
647 727 738 775 nix
782 726 1012 774 discussa
1053 724 1248 788 aperire
1288 724 1513 772 humum
1556 723 1765 786 coepit‚⁴
1809 724 1944 771 eaelo

117 806 309 870 solique
336 805 640 853 redduntur.
719 802 961 851 Ceterum
986 801 1111 850 adeo
1136 801 1270 849 altae
1295 801 1440 849 nives
1466 803 1714 864 premunt
1738 803 1945 857 terram,

116 883 234 947 gelu
261 883 311 929 et
335 882 583 944 perpetuo
608 895 770 943 paene
794 877 960 942 rigore
987 877 1310 937 constrictae,
1337 887 1398 925 ut
1427 893 1491 924 ne
1536 876 1711 925 avium
1737 875 1945 939 quidem

98 956 498 1006 'feraex*e⁵ullius
523 955 801 1019 vestigium
837 957 1015 1003 exstet.
1084 954 1147 1002 In
1185 953 1283 1001 hac
1309 953 1479 1001 omnis
1516 952 1734 1000 humani
1771 951 1946 999 cultus

116 1033 398 1082 solitudine
447 1032 731 1082 destitutus
779 1031 1048 1090 exercitus,
1107 1029 1363 1093 quidquid
1421 1029 1679 1077 malorum
1737 1028 1944 1076 tolerari

117 1113 298 1174 potest,
331 1109 567 1173 pertulit,
603 1107 851 1171 inopiam,
890 1107 1070 1170 frigus,
1107 1105 1483 1163 lassitudinem,
1520 1104 1939 1168 desperationem.

119 1186 315 1234 Multos
362 1185 679 1233 exanimavit
726 1184 865 1248 rigor
912 1183 1151 1231 insolitus
1199 1182 1348 1240 nivis,
1398 1182 1688 1229 multorum
1749 1181 1946 1229 adussit

118 1262 283 1326 pedes,
309 1261 657 1325 plurimorum
684 1260 889 1320 oculos3
925 1259 1200 1323 praecipue
1224 1258 1545 1321 perniciosus
1570 1258 1674 1305 suit
1700 1257 1943 1321 fatigatis.

119 1338 257 1387 Nam
301 1338 355 1385 in
397 1338 508 1401 ipso
550 1337 671 1401 gelu
713 1336 1006 1385 deficientia
1046 1351 1258 1399 corpora
1302 1335 1614 1393 sternebant,
1657 1349 1786 1397 quae
1828 1349 1948 1382 cum

117 1415 311 1462 moveri
338 1413 621 1472 desissent‘,
647 1412 725 1461 vis
761 1412 966 1477 frigoris
1001 1411 1076 1459 ita
1100 1411 1431 1475 astringebat,
1458 1413 1519 1458 ut
1544 1426 1722 1459 rursus
1748 1411 1810 1458 ad
1837 1426 1946 1458 sur-

118 1491 348 1556 gendum
388 1489 588 1539 conniti
627 1505 735 1537 non
781 1492 1004 1552 possent.
1095 1488 1145 1535 A
1191 1486 1639 1536 commilitonibus
1685 1490 1949 1550 torpentes

116 1567 490 1625 excitabantur,
529 1582 693 1629 neque
734 1564 878 1613 aliud
924 1563 1209 1612 remedium
1250 1563 1374 1623 erat,
1414 1580 1570 1627 quam
1618 1564 1698 1611 ut’
1745 1562 1948 1627 ingredi

119 1645 441 1708 cogerentur.
500 1642 721 1700 Incolae,
744 1657 1031 1704 numquam
1053 1643 1205 1688 antea
1230 1640 1284 1688 in
1306 1639 1454 1688 terris
1480 1639 1587 1688 suis
1607 1640 1804 1688 advena
1824 1639 1948 1697 viso,

121 1736 241 1768 cum
278 1721 502 1767 armatos
538 1722 750 1781 repente
787 1718 1162 1780 conspicerent,
1190 1715 1472 1764 exanimati
1508 1720 1667 1774 metu,
1694 1715 1949 1780 quidquid

117 1797 172 1844 111
200 1795 422 1860 tuguriis
456 1799 564 1843 erat
599 1794 914 1852 adferebant,
941 1792 1020 1841 ut⁸
1045 1792 1362 1855 corporibus⁹
1389 1792 1621 1855 ipsorum
1652 1800 1949 1856 parceretur

117 1877 333 1921 orantes.
403 1871 638 1919 Tandem
664 1871 719 1917 in
744 1870 857 1918 loca
881 1869 1102 1918 cultiora
1126 1874 1432 1933 perventum
1457 1872 1544 1916 est.

182 1951 260 1996 41.
303 1947 431 1994 Inde
467 1962 652 2010 agmen
688 1947 936 2010 processit
969 1945 1034 1993 ad
1072 1945 1361 1994 Caucasum
1387 1948 1635 2003 montem,
1663 1944 1811 2009 cujus
1837 1945 1950 1993 dor-

118 2040 235 2073 sum
275 2023 453 2072 Asiam
500 2024 748 2086 perpetuo
793 2022 920 2086 jugo
961 2021 1178 2082 dividit3
1229 2021 1372 2070 hinc¹
1414 2022 1570 2070 simul
1617 2037 1772 2081 mare,
1811 2021 1949 2085 quod

120 2100 359 2150 Ciliciam
395 2099 549 2158 subit,
575 2098 721 2146 illinc
750 2098 997 2161 Caspium
1023 2098 1217 2145 fretum
1255 2099 1305 2145 et
1339 2113 1547 2146 amnem
1574 2098 1801 2146 Araxen]
1827 2098 1949 2145 3113-

117 2193 217 2242 que
269 2176 478 2241 regione
527 2175 767 2240 Scythiae
809 2175 1008 2223 deserta
1048 2175 1259 2236 spectat.
1329 2174 1409 2221 Ex
1447 2189 1548 2237 quo
1584 2174 1736 2221 Asiae
1774 2173 1949 2222 01111113

118 2256 222 2303 fere
264 2253 499 2311 fiumina,
525 2251 627 2300 alia
667 2250 723 2299 in
766 2252 1021 2309 Rubrum,
1048 2251 1149 2298 alia
1190 2250 1245 2297 in
1285 2249 1530 2313 Caspium
1569 2266 1722 2305 mare,
1756 2250 1857 2298 alia
1893 2249 1949 2297 in

119 2330 449 2395 Hyrcanium
469 2329 520 2377 et
545 2327 828 2377 Ponticum
854 2326 1115 2375 decidunt.
1173 2325 1532 2389 Septendecim
1556 2326 1758 2374 dierum
1784 2326 1949 2388 spatio

122 2407 412 2455 Caucasum
447 2404 711 2468 superavit
735 2403 1005 2452 exercitus.
1079 2402 1254 2465 Rupes
1278 2401 1332 2449 in
1360 2418 1416 2449 eo
1443 2402 1617 2450 decem
1644 2402 1699 2449 111
1725 2402 1949 2450 circuitu

119 2482 284 2531 stadia
318 2481 697 2544 complectitur,
737 2481 986 2544 quattuor
1023 2477 1079 2526 in
1119 2477 1454 2526 altitudinem
1493 2477 1712 2537 excedit,
1750 2478 1806 2525 in
1846 2494 1948 2542 qua

118 2558 357 2607 vinctum
384 2556 692 2605 Promethea
715 2555 873 2604 fuisse
898 2554 1182 2618 antiquitas
1207 2554 1382 2602 tradit.
1438 2553 1766 2602 Condendae²
1791 2554 1846 2601 in
1872 2571 1948 2602 ra-

120 2634 322 2682 dicibus
347 2632 541 2681 montis
567 2631 684 2680 urbi
710 2631 851 2681 sedes
870 2631 1031 2679 electa
1050 2635 1140 2678 est.
1197 2629 1404 2693 Septem
1430 2630 1642 2678 milibus
1667 2630 1947 2678 6611101111113

120 2709 468 2759 Macedonum
510 2704 821 2771 permissum
863 2707 917 2754 in
961 2722 1150 2755 novam
1192 2707 1374 2754 urbem
1419 2706 1698 2755 considere.
1791 2706 1947 2755 Hanc

119 2801 323 2850 quoque
349 2784 722 2832 Alexandriam
748 2784 944 2831 incolae
970 2783 1376 2846 appellaverunt.

186 2865 262 2909 42.
298 2860 582 2918 Bactriani,
608 2862 886 2923 postquam
921 2859 1195 2907 adventare
1220 2857 1585 2906 Alexandrum
1623 2859 1945 2920 compertum

121 2938 231 2997 est,¹
270 2938 326 2985 in
365 2935 503 2984 suos²
529 2935 746 2999 quisque
782 2935 921 2983 vicos
962 2933 1148 2998 dilapsi
1186 2934 1404 2982 Bessum
1443 2933 1780 2998 reliquerunt.
1852 2931 1945 2980 Ille

160 3057 176 3080 ²
193 3058 266 3098 388,
297 3056 344 3090 R.
375 3057 407 3090 2.
475 3056 490 3077 ⁸
509 3056 580 3095 195,
597 3055 643 3088 R.
661 3055 694 3094 8,
712 3055 785 3094 396,
817 3054 862 3087 R.
879 3055 910 3087 2.
979 3054 994 3076 ⁴
1010 3054 1084 3086 569.
1183 3049 1199 3070 ⁵
1214 3051 1286 3085 497.
1415 3053 1430 3074 ⁶
1445 3054 1518 3093 569,
1537 3053 1580 3085 R.
1599 3054 1628 3085 2.
1647 3037 1650 3040 ⁴
1675 3052 1690 3073 ⁷
1706 3051 1779 3084 556.
1846 3050 1862 3073 ³
1877 3051 1946 3086 546.

119 3111 133 3134 ⁰
149 3113 223 3146 208.
433 3111 518 3146 41.
565 3111 578 3133 ¹
595 3111 668 3150 292,
686 3110 732 3143 R.
751 3110 784 3144 3.
829 3109 845 3130 '²
868 3110 941 3142 430.
990 3108 1004 3130 ³
1021 3108 1099 3143 308.
1354 3108 1436 3143 42.
1485 3109 1496 3130 ¹
1514 3109 1586 3141 563.
1633 3107 1648 3128 2
1664 3107 1737 3147 305,
1756 3106 1798 3140 R.
1818 3106 1847 3137 1.
