2243 3465
258 209 320 253 50
953 208 1128 273 LATrN
1164 206 1403 244 READER.

260 349 397 399 sium
433 352 604 411 petere
635 344 808 410 jussis,
834 344 941 408 ipse
968 359 1086 392 cum
1125 339 1366 405 expedita
1401 337 1722 386 delectorum
1758 350 1919 383 manu
1954 330 2097 382 Nilo⁸

261 441 413 475 amne
439 426 617 472 vectus
643 424 750 481 est3
788 436 884 469 1100
921 419 1214 468 sustinuere
1251 416 1535 464 adventum
1561 412 1603 477 ej
1615 429 1675 461 110
1709 412 1907 471 Persae,
1935 410 2100 459 desec-

264 502 403 550 tione
429 515 635 563 quoque
660 496 938 562 perterriti.
1009 494 1076 543 A⁴
1103 491 1339 557 Memphi
1370 490 1550 540 eodem
1585 487 1806 537 flumine
1831 489 2011 536 vectus
2037 485 2102 534 ad

262 578 510 626 interiora
546 574 771 640 Aegypti
809 573 1064 637 penetrat,
1100 568 1502 633 compositisque
1542 567 1696 614 rebus
1735 564 1822 623 ita,
1849 567 1910 611 ut
1947 562 2102 611 nihil5

262 654 343 703 011ὃ
367 654 537 718 patrio
563 650 946 716 Aegyptiorum
983 663 1125 696 more
1161 647 1406 706 mutaret,
1433 643 1574 692 adire
1599 642 1634 691 J
1640 642 1749 690 ovis
1786 639 2104 689 Hammonis

263 733 535 783 oraculum
562 729 763 779 statuit.
835 728 976 790 Ergo
998 743 1118 775 cum
1145 725 1240 784 his,
1263 740 1391 788 quos
1418 722 1604 771 ducere
1632 737 1808 770 secum
1836 721 2104 776 statuerat,

264 809 492 858 secundo
519 823 671 857 amne
709 805 978 854 descendiis
1014 803 1077 852 ad
1116 800 1383 850 Mareotin
1434 798 1698 864 paludem.
1769 796 1901 845 Inde
1935 794 2106 858 primo

264 886 477 950 quidem
507 887 558 933 et
594 883 828 947 sequenti
857 881 937 929 die
962 878 1244 928 tolerabilis
1280 878 1425 926 labor
1448 876 1590 924 visus
1617 883 1705 923 est.
1782 872 1881 921 Sed
1907 874 1968 920 ut
1994 886 2108 934 ape-

269 963 432 1011 ruere⁷
459 978 509 1010 se
536 959 706 1022 campi
732 959 840 1007 alta
864 956 1039 1006 obruti
1065 971 1235 1014 arena,
1261 952 1403 1002 haud
1430 967 1575 1002 secus
1601 967 1759 1014 quam
1784 947 2108 1013 profundum

265 1054 456 1102 aequor
475 1036 692 1102 ingressi
718 1038 909 1083 terram
930 1032 1094 1081 oculis
1113 1030 1460 1095 requirebant.
1523 1027 1689 1077 Nulla
1714 1027 1879 1086 arbor,
1898 1024 2110 1073 nullum

266 1115 397 1165 culti
436 1114 530 1164 soli
568 1112 870 1162 occurrebat
905 1108 1201 1174 vestigium.
1272 1107 1427 1170 Aqua
1462 1104 1618 1153 etiam
1658 1103 1925 1161 defecerat,
1953 1115 2110 1165 quam

267 1191 494 1240 utribus³
522 1188 706 1239 cameli
732 1189 993 1238 vexerant.
1062 1184 1147 1233 Ad
1172 1184 1273 1232 1100
1300 1183 1375 1232 001
1403 1181 1581 1231 onmia
1606 1180 1926 1238 incenderat,
1954 1179 2111 1226 sicca-

267 1285 366 1333 que
392 1271 443 1317 et
468 1267 652 1316 adusta
676 1270 826 1314 erant
851 1280 954 1323 ora,
982 1279 1102 1311 cum
1133 1263 1361 1323 repente,
1388 1259 1492 1308 sive
1517 1257 1652 1305 illud
1677 1257 1892 1305 deorum
1917 1268 2112 1303 munus

269 1346 374 1394 sive
399 1360 548 1393 casus
574 1342 713 1401 fuit?
733 1341 987 1390 obductae
1013 1339 1169 1388 caelo⁹
1197 1339 1361 1386 nubes
1388 1335 1661 1384 condidere
1688 1333 1863 1392 solem,
1891 1333 2114 1396 largum-

268 1438 368 1486 que
407 1421 629 1469 imbrem
668 1419 1009 1467 excusserunt
1046 1415 1314 1480 procellae.
1409 1411 1775 1472 Quadriduum
1813 1425 1905 1473 per
1942 1407 2144 1458 vastas

269 1497 578 1547 solitudines
617 1496 956 1559 absumptum
995 1495 1085 1541 est.
1161 1490 1396 1539 Tandem
1436 1488 1501 1538 ad
1550 1488 1720 1537 sedem
1762 1487 2113 1542 consecratam

269 1575 363 1624 deo
402 1579 621 1624 ventum
661 1574 752 1622 est.
828 1569 1142 1619 Incredibile
1181 1567 1382 1626 dictu,¹⁰
1421 1566 1560 1614 inter
1597 1566 1767 1613 vastas
1807 1562 2114 1611 solitudines

271 1654 370 1702 sita
395 1650 627 1715 undique
648 1648 918 1698 arboribus
939 1648 1176 1695 contecta
1196 1646 1268 1693 est‘
1291 1643 1549 1706 multique
1570 1642 1740 1689 fontes
1760 1639 1912 1688 alunt
1939 1638 2110 1688 silvas

274 1729 414 1778 Caeli
463 1743 667 1792 quoque
715 1725 849 1773 mira
895 1723 1181 1787 temperies,
1224 1737 1312 1785 per
1354 1734 1533 1768 omnes
1576 1717 1703 1766 anni
1743 1719 1916 1781 partes
1955 1729 2115 1763 verno

271 1805 438 1869 tepori
480 1803 705 1852 maxime
750 1800 949 1850 similis.
1058 1798 1268 1847 Incolae
1310 1795 1553 1854 nemoris,
1598 1810 1726 1858 quos
1768 1790 2117 1841 Hammonios

271 1885 476 1943 vocant,
506 1879 748 1944 dispersis
784 1876 1030 1942 tuguriis³
1066 1874 1326 1933 habitant,
1354 1872 1624 1921 medium¹¹
1652 1885 1836 1919 nemus
1871 1884 1966 1933 pro
2003 1883 2117 1916 arce

272 1959 468 2008 habent
504 1957 701 2021 triplici
738 1971 887 2003 muro
924 1951 1324 2002 circumdatum.
1394 1950 1457 1998 Id
1494 1947 1634 2013 quod
1669 1963 1763 2012 pro
1800 1947 1893 1994 deo
1926 1944 2118 1994 colitur

274 2053 381 2084 11011
408 2035 621 2083 eandem
650 2031 872 2096 effigiem
899 2030 1068 2088 habet,
1095 2044 1251 2093 quam
1274 2027 1429 2091 vulgo
1455 2025 1554 2074 diis
1580 2024 1801 2073 artifices
1828 2036 2117 2070 accommo-

275 2113 560 2171 daverunt3
598 2109 848 2158 umbilico
888 2107 1114 2155 maxime
1154 2103 1338 2153 similis
1378 2106 1454 2151 est
1492 2102 1719 2157 habitus,
1758 2098 2029 2163 smaragdo
2067 2099 2120 2146 et

276 2189 495 2254 gemmis
522 2188 934 2251 coagmentatus.
1006 2183 1085 2230 Ac
1111 2185 1226 2229 tum
1248 2179 1459 2244 quidem
1486 2194 1661 2243 regem
1687 2176 1899 2240 propius
1925 2174 2118 2224 adeun-

276 2270 380 2314 tem
417 2265 677 2312 maximus
714 2264 844 2309 natu
883 2276 908 2308 e
934 2257 1289 2307 sacerdotibus
1325 2256 1495 2304 filium
1532 2254 1772 2318 appellat,
1799 2252 1898 2301 hoc
1926 2267 2117 2300 nomen

277 2342 355 2390 illi
379 2343 648 2405 parentem
673 2338 860 2387 ι10170111
886 2335 1096 2384 reddere
1123 2335 1401 2382 affirmans.
1477 2331 1567 2379 [lle
1594 2346 1641 2379 se
1668 2345 1787 2379 vero
1815 2332 1864 2376 et
1891 2327 2119 2391 accipere

278 2418 351 2467 ait
387 2420 438 2466 et
475 2431 762 2481 agnoscere.
844 2411 1122 2461 Consuluit
1158 2409 1358 2467 deinde,
1385 2407 1556 2456 num¹2
1584 2406 1746 2455 totius
1784 2404 1920 2453 orbis
1956 2404 2117 2467 impe-

277 2496 417 2545 rium
443 2493 563 2542 fatis
590 2491 685 2540 sibi
707 2488 1091 2538 destinaretur?
1164 2486 1318 2534 Pater
1343 2501 1501 2548 aeque
1525 2483 1581 2531 in
1608 2482 1963 2531 adulationem
1984 2496 2121 2529 com-

279 2572 492 2637 positus,
520 2572 777 2618 terrarum
817 2564 1056 2614 omnium
1093 2565 1341 2611 rectorem
1379 2562 1487 2609 fore
1513 2559 1769 2619 ostendit:
1808 2557 2015 2621 adjecit,
2041 2557 2121 2604 in-

281 2650 481 2697 victum
510 2646 631 2703 fore,
652 2644 815 2692 donec
842 2639 1148 2690 excederet¹³
1170 2638 1235 2687 ad
1262 2638 1395 2686 deos.
1466 2636 1727 2685 Sacrificio
1754 2634 1941 2682 deinde
1967 2635 2120 2692 sacto,

283 2726 420 2773 dona
444 2726 495 2771 et
522 2720 874 2770 sacerdotibus
900 2722 951 2766 et
976 2718 1068 2765 deo
1097 2716 1217 2764 data
1243 2717 1366 2764 sunt
1399 2712 1814 2777 permissumque
1841 2709 2034 2768 amicis,
2063 2713 2123 2758 ut

285 2801 381 2864 ipsi
419 2813 622 2864 quoquc
648 2795 978 2845 consulerent
1012 2793 1211 2842 Jovem.
1291 2790 1442 2839 Nihil
1479 2789 1703 2852 amplius
1739 2786 2122 2852 quaesiverunt,

286 2892 442 2942 quam
482 2872 766 2923 auctorne¹²
807 2872 936 2919 esset
972 2868 1070 2918 sibi
1110 2868 1301 2916 divinis
1347 2865 1636 2924 honoribus
1685 2862 1926 2913 colendi¹⁴
1967 2877 2123 2909 suum

286 2969 471 3016 regem.
525 2950 642 2998 Hoc
659 2963 862 3012 quoque
884 2950 1155 3008 acceptum
1173 2946 1279 2992 sore
1295 2943 1431 3002 Jovi,
1447 2946 1589 2990 vates
1609 2939 1936 3004 respondent.
1978 2936 2125 2986 Jovis

289 3030 452 3094 igitur
475 3027 644 3075 filium
672 3041 719 3073 se
747 3040 852 3071 non
881 3023 1050 3070 solum
1074 3019 1322 3084 appellari
1347 3035 1525 3084 passus
1551 3019 1628 3067 est
1664 3016 1751 3066 sed
1777 3015 1935 3064 etiam
1956 3012 2125 3078 jussit.

352 3149 367 3171 ³
383 3150 456 3181 387.
524 3149 538 3169 ⁴
556 3147 628 3183 411,
647 3146 690 3178 R.
711 3146 739 3177 Ἰ.
814 3144 830 3165 ⁸
847 3144 919 3181 543,
937 3142 967 3174 4.
1053 3142 1069 3162 θ
1086 3142 1157 3181 ΒἯ,
1177 3141 1221 3174 R.
1239 3142 1268 3173 5.
1343 3140 1357 3161 ⁷
1377 3140 1447 3172 563.
1529 3138 1544 3160 Β
1562 3138 1635 3178 597,
1654 3137 1698 3170 R.
1716 3135 1748 3170 4.
1822 3135 1837 3157 ⁹
1854 3135 1925 3168 346.
2001 3133 2036 3156 ¹⁰
2052 3132 2114 3166 43⁵2

295 3201 324 3224 ¹¹
343 3202 415 3240 287,
434 3201 478 3233 R.
527 3199 558 3221 ¹²
575 3199 647 3231 462.
695 3197 726 3219 ¹³
744 3196 817 3230 574.
865 3196 896 3216 ¹⁴
914 3195 988 3227 429.
