2243 3465
699 135 771 170 DE
807 134 993 172 GEs'ns
1028 136 1382 174 ALEXANDRI.
1891 130 1952 178 65

125 265 470 325 com-iderans,
500 272 767 331 tantopere
793 284 913 317 eum
950 269 1211 334 paenitere
1247 269 1393 319 facti’
1420 269 1601 334 coepit,
1630 272 1690 318 ut
1715 270 1802 321 vix
1839 287 1868 320 a
1903 287 1954 321 se

127 357 241 390 man
255 358 311 390 us
336 343 630 392 abstineret.

190 421 268 467 47.
309 418 500 467 Decem
527 419 706 468 diebus
732 420 871 483 apud
904 421 1219 470 Maracanda
1245 422 1569 485 consumptis
1595 422 1659 471 ad
1686 422 1951 472 meridiem

127 510 300 542 versus
337 511 591 558 regressus
627 497 863 558 pervenit
900 497 950 544 in
992 498 1270 561 regionem,
1309 499 1394 546 cui
1435 498 1685 562 Oxyartes
1723 507 1953 562 satrapes

126 570 312 618 nobilis
336 576 583 633 praeerat,
610 572 700 635 qui
732 588 781 620 se
807 573 938 637 regis
974 574 1220 636 potestati
1256 574 1476 638 fideique
1501 575 1751 637 permisit.
1833 575 1955 623 Rar-

127 645 247 693 bara
285 646 553 709 opulentia
591 648 902 707 convivium,
928 657 1047 712 quo*
1084 665 1257 714 regem
1290 650 1594 713 accipiebat,
1622 650 1955 699 instruxerat.

125 721 187 770 Id
230 738 349 770 cum
391 724 561 770 multa
599 723 843 772 comitate
880 725 1173 784 celebraret,
1198 725 1464 774 introduci
1502 726 1722 790 triginta
1757 727 1955 774 nobiles

125 797 347 861 virgines
383 797 553 861 jussit.
624 799 767 848 Inter
807 816 933 864 quas
975 804 1083 849 erat
1124 801 1229 849 filia
1270 801 1434 864 ipsius
1476 802 1687 850 Roxane
1724 802 1952 860 nomine,

124 875 313 923 eximia
338 875 562 938 corporis
589 875 752 939 specie
774 879 824 924 et
850 876 1028 925 decore
1054 877 1264 926 habitus
1289 879 1344 926 in
1372 877 1598 926 barbaris
1624 894 1752 927 raro.
1814 877 1954 937 Quae

91 967 422 1014 rquanquam
472 951 610 999 inter
657 952 841 1001 electas
899 964 1226 1016 processerat,
1274 954 1508 1001 omnium
1557 959 1729 1002 tamen
1779 955 1954 1002 oculos

124 1028 382 1075 convertit
416 1027 470 1075 in
509 1044 574 1086 se,
602 1030 826 1076 maxime
861 1030 1008 1093 regis,
1035 1030 1123 1093 qui
1161 1029 1216 1077 in
1254 1046 1478 1078 amorem
1506 1030 1844 1094 virgunculae
1881 1029 1955 1078 ita

123 1103 315 1151 effusus
339 1106 430 1160 est,
459 1106 516 1151 ut
542 1104 743 1159 diceret,
779 1105 843 1152 ad
880 1105 1254 1153 stabiliendum
1291 1122 1511 1170 regnum
1535 1107 1806 1169 pertinere,
1834 1106 1954 1154 Per-

124 1195 202 1227 sas
243 1184 294 1227 et
339 1179 644 1227 Macedones
683 1180 904 1247 conubio
942 1181 1129 1246 jungi3
1167 1182 1266 1230 hoc
1303 1198 1408 1230 uno
1438 1183 1591 1230 modo
1617 1185 1668 1230 et
1702 1182 1955 1246 pudorem

127 1255 296 1304 victis²
339 1259 390 1304 et
432 1256 725 1319 superbiam
766 1257 1050 1306 victoribus
1092 1258 1295 1306 detrahi
1343 1274 1500 1322 posse.
1592 1258 1862 1322 Insperata
1900 1274 1955 1307 re

127 1331 289 1380 laetus
331 1336 475 1395 pater
516 1348 799 1381 sermonem
845 1333 955 1397 ejus
997 1334 1204 1398 excipit,
1241 1340 1292 1382 et
1334 1350 1420 1382 rex
1463 1334 1519 1382 in
1562 1335 1730 1383 medio
1767 1334 1955 1383 amoris

125 1407 303 1456 ardore
322 1407 481 1472 jussit
506 1408 693 1456 adferri
718 1411 885 1472 patrio
911 1426 1052 1458 more
1076 1427 1277 1474 panem.
1353 1410 1470 1459 Hoc
1495 1414 1603 1459 erat
1628 1411 1767 1474 apud
1788 1411 1955 1460 Mace-

125 1484 283 1533 dones
319 1484 704 1533 sanctissimum
741 1486 1043 1534 coeuntium
1079 1486 1284 1550 pignus,
1323 1503 1476 1550 quem
1514 1487 1740 1535 divisum
1784 1487 1955 1551 gladio

127 1561 358 1624 uterque³
384 1561 592 1609 libabat.
658 1561 775 1610 Hoc
800 1563 953 1610 modo
980 1578 1068 1611 rex
1095 1563 1248 1611 Asiae
1268 1566 1318 1611 et
1343 1563 1580 1626 Europae
1599 1563 1955 1612 introductam

128 1638 377 1701 virginem
403 1641 541 1685 mter
565 1637 853 1686 convivales
878 1639 1028 1687 ludos
1054 1639 1386 1687 matrimonio
1413 1639 1510 1688 sibi
1535 1639 1792 1702 adjunxit.

189 1716 267 1761 48.
313 1713 554 1761 Ceterum
591 1714 798 1762 Indiam
834 1719 885 1763 et
919 1715 1040 1763 inde
1068 1715 1334 1764 Oceanum
1370 1717 1647 1780 petiturus,
1674 1733 1738 1764 ne
1762 1716 1888 1781 quid
1923 1732 1954 1765 a

128 1795 283 1854 tergo,
309 1789 449 1853 quod
485 1790 741 1838 destinata
777 1791 1024 1854 impedire
1060 1793 1262 1856 posset,1
1289 1796 1595 1851 moveretur,
1623 1809 1684 1841 ex
1712 1794 1956 1841 omnibus

127 1866 404 1929 provinciis
441 1865 661 1930 triginta
697 1867 841 1914 milia
872 1867 1146 1931 juniorum
1184 1867 1285 1932 legi
1319 1868 1477 1932 jussit
1503 1873 1553 1917 et
1578 1869 1643 1917 ad
1681 1885 1731 1917 se
1757 1871 1956 1917 armata

126 1941 353 2003 perduci,
371 1942 571 1991 obsides
599 1943 756 1990 simul
783 1944 1056 1992 habit-urus
1082 1946 1133 1991 et
1160 1945 1364 1992 milites.
1442 1944 1668 1993 Centum
1697 1950 1747 1993 et
1766 1945 1955 2009 viginti

127 2017 270 2065 milia
295 2023 613 2066 armatorum
639 2022 801 2078 erant,
829 2035 960 2083 quae
986 2035 1156 2084 regem
1187 2020 1251 2067 ad
1290 2020 1482 2068 bellum
1512 2021 1753 2069 Indicum
1780 2037 1956 2085 seque·

129 2094 332 2140 bantur.
411 2093 569 2157 Regia
594 2095 790 2154 cohors,
816 2095 1190 2159 Argyraspides
1217 2112 1246 2143 a
1280 2112 1464 2160 genere
1490 2113 1754 2145 armorum
1782 2098 1954 2161 appel-

127 2168 233 2228 lati,
281 2172 426 2217 scuta
464 2172 723 2233 argenteis
771 2171 981 2220 laminis
1021 2171 1241 2221 inducta
1281 2173 1564 2232 habebant,
1594 2173 1737 2237 equis
1783 2174 1955 2223 frenos

126 2261 306 2294 aureos
342 2245 557 2294 addidit.
635 2247 761 2295 sib?
796 2246 902 2311 ipse
938 2248 1175 2297 caelestes
1212 2247 1430 2297 honores
1468 2249 1770 2313 usurpavit3
1807 2249 1955 2299 Jovis

127 2321 294 2369 filium
333 2337 434 2370 non
471 2322 573 2370 dici
610 2326 821 2370 tantum
859 2340 923 2382 se,
951 2325 1038 2372 sed
1074 2324 1230 2372 etiam
1267 2325 1405 2373 credi
1441 2326 1660 2384 volebat,
1685 2328 1955 2391 tamquam

126 2398 338 2460 perinde
377 2397 564 2446 animis
603 2398 855 2462 imperare
903 2400 1091 2463 posset³
1130 2416 1189 2448 ac
1236 2400 1432 2465 linguis
1446 2417 1460 2461 3
1507 2401 1766 2465 jussitque
1814 2418 1956 2451 more

126 2473 400 2521 Persarum
447 2473 753 2523 Macedones
801 2476 1192 2524 venerabundos
1238 2476 1412 2541 ipsum
1458 2477 1680 2525 salutare
1726 2481 1954 2542 proster-

126 2552 308 2597 nentes
333 2550 477 2597 humi
506 2566 730 2613 corpora.
806 2551 923 2600 Non
955 2552 1144 2600 deerat*
1172 2552 1296 2601 talia
1321 2553 1710 2617 concupiscenti
1735 2555 1955 2618 pernici-

127 2641 213 2673 osa
251 2625 494 2684 adulatio,
530 2631 840 2689 perpetuum
878 2629 1076 2676 malum
1112 2644 1308 2693 regum,
1336 2645 1558 2692 quornm
1596 2646 1714 2693 opes
1751 2633 1953 2694 saepius

127 2701 418 2758 assentatio,
446 2717 602 2765 quam
639 2703 802 2752 hostis
828 2705 1024 2752 evertit.
1098 2704 1282 2753 Poetae
1307 2705 1520 2769 quidam
1547 2705 1729 2754 Graeci
1755 2708 1952 2755 caelum

129 2778 202 2825 illi
229 2777 541 2841 aperiebant,
569 2778 952 2842 Herculemque
987 2789 1038 2828 et
1074 2779 1282 2829 Patrem
1318 2780 1564 2830 Liberum
1593 2785 1644 2830 et
1680 2798 1801 2830 cum
1839 2783 1953 2829 Pol-

129 2855 242 2902 luce
269 2854 533 2902 Castorem
562 2870 695 2902 novo
721 2855 928 2903 numini
955 2871 1182 2904 cessuros
1207 2872 1312 2905 esse
1342 2856 1628 2920 jactabant.
1696 2858 1951 2920 Asperna-

131 2931 322 2979 bantur
357 2930 483 2978 haec
521 2929 842 2980 Macedones,
934 2932 1235 2982 Acerrimns
1269 2932 1406 2981 inter
1441 2937 1739 2982 recusantes
1777 2931 1953 2981 Callis·

189 3098 205 3121 ⁸
220 3099 293 3133 376.
454 3097 534 3135 4⁷.
560 3098 572 3121 ¹
591 3099 663 3133 387.
708 3099 724 3121 ²
740 3100 812 3141 346,
829 3101 910 3134 end.
956 3100 972 3124 ⁸
989 3102 1061 3136 307.
1222 3101 1304 3138 48.
1330 3101 1342 3124 ¹
1360 3101 1433 3135 633.
1479 3100 1494 3123 ²
1510 3101 1582 3135 298.
1629 3100 1644 3124 ³
1661 3100 1735 3135 604.
1780 3100 1796 3124 ⁴
1812 3101 1882 3135 349.
