2243 3465
957 443 1074 504 IV.

392 648 523 711 DE
598 645 926 710 GESTIS
996 638 1626 704 ALEXANDRI.

163 954 206 1000 1.
246 949 443 999 NATUS
481 949 559 996 est
595 942 892 994 Alexander
917 942 994 991 ex¹
1027 938 1332 1005 Olympiade
1358 953 1495 986 anno
1523 937 1643 985 ante
1670 933 1938 983 Christum

98 1029 284 1077 natum
311 1022 569 1074 CGOLVI
595 1021 772 1070 eadem
798 1008 965 1074 nocte,
992 1033 1094 1082 qua
1120 1016 1513 1082 celeberrimum
1543 1012 1743 1060 Dianae
1769 1009 1941 1074 Ephe-

100 1104 201 1153 siae
228 1101 484 1166 templum
506 1098 826 1163 deflagravit.
906 1094 1097 1143 Exstat
1121 1093 1340 1156 epistola
1366 1089 1598 1154 Philippi
1625 1088 1801 1153 patris,
1823 1086 1941 1150 qua²

99 1179 372 1230 Aristoteli
409 1175 720 1241 philosopho
757 1175 943 1222 natum
982 1187 1086 1220 esse
1123 1169 1221 1219 sibi
1257 1167 1622 1218 Alexandrum
1658 1164 1943 1224 nuntiavit,

100 1258 155 1306 in
183 1258 328 1305 hunc
353 1256 456 1304 fere
482 1252 698 1301 modum
725 1251 943 1314 scripta:

500 1337 529 1359 ‘⁶
546 1331 822 1394 Philippus
848 1326 1121 1376 Ar1stoteli
1147 1325 1365 1375 salutem
1395 1323 1537 1372 dicit.

168 1413 366 1462 Filium
391 1409 524 1459 mihi
561 1407 802 1473 genitum
839 1404 1000 1454 scito.³
1027 1447 1038 1455 ,
1075 1402 1362 1452 Maximam
1387 1401 1628 1464 equidem
1649 1398 1747 1448 diis
1783 1397 1947 1446 habeo

103 1490 339 1556 gratiam,
364 1504 474 1536 non
511 1489 619 1534 tam
656 1483 778 1548 quia
813 1485 970 1530 natus
1007 1485 1099 1540 est,
1125 1495 1284 1544 quam
1319 1478 1456 1542 quod
1496 1476 1733 1539 contigit,
1761 1477 1822 1524 ut
1858 1490 1948 1522 na-

67 1610 72 1614 .
104 1571 332 1617 sceretur
367 1561 690 1626 temporibus
715 1559 850 1608 vitae
876 1562 1010 1606 tuae.
1082 1557 1238 1618 Spero
1271 1555 1411 1603 enim
1445 1555 1554 1602 fore
1591 1552 1669 1600 ut⁴
1696 1551 1948 1600 educatus

104 1643 444 1706 eruditusque
466 1640 555 1688 abs
582 1643 631 1686 te
653 1636 845 1701 dignus
870 1633 1084 1683 exsistat
1110 1636 1162 1681 et
1187 1630 1336 1681 nobis
1357 1635 1408 1679 et
1437 1631 1617 1678 futura
1641 1644 1812 1678 rerum
1840 1644 1947 1676 am-

104 1720 382 1786 plitudine.
451 1714 628 1766 Vale.”

107 1798 292 1846 Postea
329 1792 606 1856 Philippus
642 1787 1016 1854 philosophum
1064 1786 1219 1834 illum
1266 1782 1742 1849 praeclarissimum
1789 1797 1949 1846 puero

107 1874 371 1922 doctorem
406 1868 609 1927 accivit,
646 1882 674 1915 a
711 1880 814 1930 quo
850 1867 901 1912 et
937 1863 1125 1928 agendi
1162 1860 1434 1925 acciperet⁵
1459 1862 1731 1924 praecepta
1764 1861 1814 1907 et
1850 1859 1952 1906 elo-

107 1948 318 2015 quendi.

174 2029 218 2074 2.
257 2024 430 2072 Multa
465 2022 710 2070 feruntur
748 2021 811 2069 ab
848 2017 1179 2067 adulescente
1217 2014 1357 2063 dicta
1393 2016 1485 2062 aut
1510 2014 1661 2073 facta,
1688 2028 1819 2077 quae
1845 2028 1951 2060 ma-

108 2118 276 2168 gnum
323 2100 563 2149 animum
609 2102 660 2146 et
708 2096 971 2146 excelsum
1014 2092 1342 2158 significent.1
1413 2089 1749 2148 Admonitus,
1788 2105 1952 2154 quon-

108 2180 213 2229 iam
238 2193 396 2227 cursu
432 2175 723 2240 plurimum
749 2172 976 2232 valeret,2
1004 2173 1065 2219 ut
1100 2169 1239 2218 inter
1264 2185 1347 2217 eos
1383 2184 1577 2216 nomen
1608 2168 1951 2230 profiteretur,

109 2255 201 2320 qui
223 2252 482 2320 Olympiis
508 2250 756 2301 certaturi
782 2252 952 2299 essent
968 2248 1000 2309 3³
1026 2262 1270 2311 magnam
1298 2244 1417 2293 inde
1441 2260 1533 2308 per
1559 2243 1829 2292 Graeciam
1856 2242 1949 2291 sibi

110 2334 306 2382 famam
332 2333 787 2393 comparaturum:
823 2326 1086 2383 Facerem,
1113 2322 1304 2386 inquit,
1332 2322 1372 2369 si
1410 2336 1553 2385 reges
1590 2320 1830 2368 haberem
1867 2319 1953 2367 ad-

111 2407 374 2458 versarios.
449 2406 657 2469 insigne
678 2402 876 2452 roboris
903 2401 1166 2464 animique
1191 2398 1475 2463 praesentis
1502 2397 1757 2460 specimen
1790 2396 1954 2444 edidit

112 2486 169 2535 in
206 2482 464 2533 domando
502 2497 633 2545 equo
670 2479 984 2543 Bucephala.
1078 2476 1263 2536 Quem⁴
1303 2491 1424 2524 cum
1474 2489 1624 2522 nemo
1665 2472 1954 2522 satellitum

112 2562 249 2626 regis
296 2558 551 2608 moderari
602 2564 787 2621 posset,
836 2553 1136 2604 Alexander
1184 2552 1571 2616 comprehensis
1617 2550 1833 2598 habenis
1880 2549 1955 2598 ita

115 2637 317 2697 statuit,
338 2640 400 2684 ut
425 2636 664 2683 umbram
691 2649 838 2682 suam
865 2630 1159 2695 conspicere
1183 2645 1292 2677 non
1318 2637 1502 2691 posset,
1529 2643 1630 2692 qua
1655 2643 1775 2676 eum
1801 2629 1955 2674 antea

115 2731 220 2764 esse
246 2712 556 2761 exterritum
583 2710 969 2770 observaverat3
1007 2706 1194 2755 deinde
1223 2705 1390 2754 insilit
1414 2713 1568 2768 atque
1594 2704 1754 2751 frenis
1777 2718 1955 2766 parere

117 2791 270 2855 cogit.
352 2787 766 2837 Descendentem
803 2788 949 2850 pater
985 2783 1287 2848 complexus
1324 2782 1719 2844 osculatusque:
1767 2779 1954 2842 Majus,

116 2867 306 2932 inquit,
333 2865 407 2914 mi
438 2864 526 2924 fili,
551 2863 832 2927 imperium
869 2862 966 2910 tibi
1003 2876 1217 2925 quaere3
1256 2858 1562 2908 Macedonia
1586 2859 1726 2905 enim
1764 2858 1812 2903 te
1849 2871 1956 2903 non

120 2944 271 3008 capit.
341 2941 550 2991 Bellicis
586 2941 738 2988 rebus
772 2939 1080 3003 plerumque
1106 2935 1419 2995 Alexander,
1447 2935 1604 2983 etiam
1640 2933 1706 2982 ad
1737 2932 1958 2981 Chaero-

184 3092 232 3127 l.
256 3092 269 3114 ¹
286 3092 358 3125 395.
432 3088 447 3109 ²
463 3089 536 3127 385,
559 3087 606 3120 R.
667 3087 682 3109 ³
698 3087 770 3128 260,
787 3086 832 3120 R.
879 3086 893 3108 ⁴
909 3086 982 3120 531.
1029 3086 1044 3107 ⁵
1060 3086 1134 3119 632.
1263 3084 1312 3120 2.
1340 3084 1352 3106 ¹
1370 3084 1443 3117 633.
1489 3082 1504 3104 2
1521 3082 1594 3116 541.
1640 3081 1654 3103 ³
1671 3081 1744 3115 630.
1790 3080 1805 3103 ⁴
1822 3080 1895 3114 347.
