2243 3465
729 137 800 173 DE
837 135 1020 173 Gns'rrs
1055 135 1410 174 ALEXANDRI.
1921 127 1984 178 57

152 270 440 333 appetebat,
465 285 582 318 cum
611 269 791 318 Persae
827 286 968 318 more
993 269 1143 318 solito
1169 270 1326 318 armis
1362 269 1542 333 positis
1569 269 1633 317 ad
1658 270 1985 320 frumentum

153 361 214 393 ex
241 346 478 408 proximo
502 345 614 394 vico
641 345 913 394 ferendum
940 346 1256 395 discurrunt.
1325 349 1399 394 At
1429 345 1714 404 Bactriani,
1741 348 1802 393 ut
1827 345 1986 409 impe-

153 427 326 472 ratum
352 442 381 474 a
407 425 561 473 Besso
586 428 710 484 erat,
737 425 922 472 armati
959 426 1181 474 stabant.
1255 425 1395 472 Tum
1430 440 1518 472 rex
1556 425 1612 472 in
1653 425 1984 473 tabernaculo

153 501 568 564 comprehensus,
591 502 826 564 captivus
853 517 1116 549 servorum
1139 516 1368 560 suorum,
1390 501 1465 548 in⁵
1488 501 1755 549 sordidum
1777 501 1985 550 vehicu-

152 577 262 624 lum
289 577 511 640 pellibus
537 576 766 639 undique
785 579 986 624 tectum
1011 576 1315 639 imponitur.
1386 577 1466 624 No
1486 579 1661 624 tamen
1689 577 1853 625 honos
1880 578 1985 639 regi

153 669 260 701 non
311 653 601 712 haberetur,
649 653 817 702 aureis
864 652 1200 716 compedibus
1244 669 1363 701 611111
1410 653 1653 702 vinciunt
1702 653 1986 718 fugamque

152 728 452 777 intendunt.

217 808 293 853 35.
330 804 639 863 Alexander,
661 803 857 852 audito¹
880 804 1113 853 Dareum
1138 805 1353 854 movisse
1378 805 1460 854 ab²
1481 805 1778 866 Ecbatanis,
1797 807 1985 856 omisso

155 880 352 940 itinere,
399 881 538 944 quod
584 882 793 944 patebat
840 880 896 928 in
943 881 1187 941 Mediam,
1234 883 1520 947 fugientem
1568 883 1769 946 insequi
1817 883 1986 948 pergit

153 961 372 1006 strenue.
451 957 772 1021 Transfugae
797 957 1062 1017 nuntiant,
1087 959 1423 1022 praecipitem
1449 960 1574 1023 fuga
1601 959 1789 1008 Bactra
1813 962 1984 1023 petere

153 1033 395 1082 Dareum.
466 1032 697 1082 Certiora
730 1033 916 1082 deinde
948 1034 1216 1097 cognoscit
1251 1051 1311 1082 ex
1349 1034 1637 1099 Babylonio
1663 1036 1903 1099 quodam,
1928 1037 1985 1084 in

151 1109 380 1174 periculo
414 1125 519 1157 esse
554 1109 736 1158 mortis
772 1125 944 1174 regem
969 1110 1292 1158 adfirmante.
1361 1110 1535 1174 Igitur
1573 1113 1762 1174 raptim
1799 1128 1983 1176 agmen

153 1202 335 1236 cursus
370 1186 536 1251 magis
572 1202 729 1250 quam
764 1185 968 1234 itineris
1005 1186 1157 1234 modo
1184 1186 1344 1246 ducit,
1372 1203 1434 1235 ne
1458 1191 1719 1235 nocturna
1754 1188 1983 1252 quidem'

152 1263 323 1327 quiete
359 1263 611 1311 diurnum
647 1263 874 1311 laborem
910 1262 1281 1311 intermittens.
1358 1263 1543 1327 Itaque
1579 1263 1626 1311 D
1666 1264 1832 1313 stadia
1870 1279 1984 1328 pro-

155 1339 319 1399 cessit,
357 1341 769 1404 perventumque
812 1340 921 1387 erat
961 1340 1015 1387 111
1055 1339 1247 1399 vicum,
1281 1338 1336 1387 111
1380 1355 1482 1403 quo
1524 1339 1754 1388 Dareum
1798 1341 1984 1390 Bessus

153 1415 626 1480 comprehenderat.
704 1414 960 1479 Fatigatis
1000 1415 1285 1464 necessaria
1323 1415 1466 1479 quies
1505 1424 1627 1464 erat.
1706 1416 1781 1464 At
1819 1418 1985 1466 trans-

152 1494 303 1557 fugae
343 1492 677 1550 nuntiabant,
718 1491 902 1540 stadia⁴
937 1492 988 1539 D
1028 1492 1200 1540 abesse
1239 1492 1433 1551 Persas,
1460 1492 1616 1555 ipsos⁵
1642 1492 1849 1542 brevius
1886 1493 1985 1543 iter

151 1571 547 1617 monstraturos.
645 1567 828 1631 Itaque
874 1567 1043 1631 prima
1086 1584 1309 1631 vespera,
1354 1568 1576 1616 ducibus
1618 1568 1819 1631 iisdem,
1863 1585 1984 1619 cum

151 1644 392 1708 expedita
412 1643 649 1708 equitum
670 1660 830 1692 manu
857 1646 1200 1692 monstratam
1218 1644 1356 1693 viam
1381 1644 1688 1708 ingreditur,
1710 1645 1983 1711 phalange,

151 1724 408 1786 quantum
445 1721 692 1769 festinare
727 1720 938 1784 1103361,εἷ
976 1719 1119 1784 sequi
1151 1720 1308 1785 jussa.
1380 1721 1636 1769 Trecenta
1673 1721 1838 1770 stadia
1872 1738 1985 1785 pro-

151 1801 424 1856 cesserant,
463 1812 584 1845 cum
626 1797 856 1845 occurrit
901 1797 1234 1856 Brocubelus,
1274 1796 1471 1845 Mazaei
1517 1797 1672 1858 filius,
1714 1797 1984 1858 nuntians,

153 1875 366 1924 Bessum
391 1873 532 1923 haud
553 1872 777 1937 amplius
797 1889 952 1937 quam
971 1872 1054 1921 OG
1075 1873 1244 1921 stadia
1263 1874 1448 1932 abesse,
1469 1873 1511 1921 si
1535 1873 1822 1922 festinaret⁷
1842 1874 1985 1938 sequi

150 1952 402 2016 palantes,
429 1952 898 2013 superventurum3
938 1949 1169 1997 Dareum
1205 1949 1376 1998 adhuc
1413 1949 1596 1997 vivere.
1665 1950 1849 2013 Itaque
1885 1950 1985 1999 cal-

153 2028 356 2077 caribus
392 2026 614 2075 subditis
650 2026 809 2073 effuso
845 2041 1002 2074 cursu
1039 2028 1179 2074 eunt.
1249 2026 1473 2089 Jamque
1509 2026 1772 2090 conspecti
1808 2044 1837 2075 a
1872 2027 1986 2075 bar-

151 2103 288 2152 baris
326 2106 489 2162 erant,
530 2105 580 2150 et
617 2102 926 2150 abeuntium
977 2118 1161 2166 agmen
1201 2105 1605 2165 conspexerant,
1656 2118 1985 2167 nequaquam

151 2195 297 2245 pares
322 2179 557 2238 fuissent,
580 2178 622 2227 si
648 2178 802 2226 Besso
824 2182 1035 2226 tantum
1055 2178 1217 2226 animi
1241 2178 1422 2227 fuisset
1447 2179 1510 2226 ad
1534 2179 1807 2242 proelium,
1824 2195 1985 2243 quan-

151 2263 267 2305 tum
295 2256 360 2305 ad
384 2254 721 2319 parricidium
746 2255 932 2304 fuerat.
1005 2254 1246 2318 Namque
1271 2257 1322 2302 et
1357 2271 1576 2303 numero
1603 2255 1807 2303 barbari
1842 2271 1985 2318 prae-

153 2334 362 2382 stabant
399 2337 450 2380 et
484 2332 678 2379 robore.
749 2330 846 2380 Sed
884 2338 1082 2379 nomen
1107 2331 1395 2380 Alexandri
1432 2333 1483 2379 et
1518 2332 1668 2384 fama,
1694 2333 1983 2380 maximum

152 2409 208 2457 in
233 2409 367 2457 bello
395 2407 574 2472 utique
599 2411 945 2467 momentum,
970 2407 1184 2471 pavidos
1219 2407 1275 2455 in
1302 2408 1483 2471 fugam
1509 2407 1728 2455 avertit.⁸
1797 2408 1985 2457 Bessus

152 2501 272 2535 vero
291 2488 341 2533 et
362 2484 515 2532 ceteri
534 2484 779 2532 facinoris
799 2483 842 2547 ej
851 2499 910 2532 us
933 2483 1227 2547 participes,
1245 2483 1548 2532 vehiculum
1568 2482 1726 2532 Darei
1747 2484 1983 2545 assecuti,

153 2562 259 2610 tela
294 2559 584 2624 conjiciunt
619 2559 675 2607 in
711 2575 898 2624 regem,
924 2560 1205 2623 multisque
1242 2560 1539 2607 confossum
1568 2560 1874 2609 vulneribus
1909 2577 1981 2609 re-

153 2638 418 2702 linquunt.
485 2637 520 2686 J
525 2638 739 2685 umenta
765 2652 984 2700 quoque,
1011 2652 1076 2684 ne
1109 2636 1317 2699 longius
1343 2637 1582 2699 prosequi
1607 2638 1848 2700 possent,⁹
1874 2637 1985 2685 vul-

154 2717 357 2772 nerant,
394 2713 597 2761 duobus
634 2712 806 2771 servis,
833 2712 923 2776 qui
958 2728 1129 2777 regem
1169 2713 1569 2771 comitabantur,
1606 2712 1797 2761 occisis.
1868 2713 1985 2760 Hoc

155 2790 294 2839 edito
332 2788 559 2838 facinore
598 2788 785 2837 Bessus
818 2788 1009 2836 Bactra
1044 2789 1267 2852 petebat,
1304 2787 1524 2848 barbari,
1562 2788 1693 2836 duce
1731 2788 1985 2847 destituti,

156 2866 486 2930 dissipantur.

222 2945 299 2991 36.
336 2940 558 2990 Interim
590 2940 846 3004 jumenta,
871 2956 1001 3004 quae
1030 2940 1263 2989 Dareum
1287 2940 1560 3002 vehebant,
1586 2939 1751 2988 nullo¹
1777 2940 1983 3003 regente

216 3061 233 3083 ⁸
248 3062 320 3098 346,
337 3061 380 3093 R.
401 3060 428 3093 1.
601 3058 678 3095 35.
706 3059 718 3081 ¹
735 3059 809 3099 438,
827 3059 870 3092 R.
888 3060 919 3092 2.
986 3059 1002 3082 ²
1017 3060 1091 3101 411,
1108 3060 1151 3094 R.
1172 3060 1202 3092 1.
1262 3059 1277 3082 ³
1295 3059 1369 3099 447,
1387 3060 1431 3093 R.
1450 3061 1480 3093 2.
1548 3059 1563 3081 4
1580 3059 1652 3099 335,
1669 3059 1700 3092 2.
1768 3058 1782 3080 ⁵
1798 3058 1870 3098 521,
1888 3057 1933 3092 R.
1948 3057 1974 3092 8

186 3113 259 3146 630.
304 3112 316 3133 ⁷
336 3113 408 3152 660,
425 3113 456 3145 3.
503 3111 518 3133 ⁸
533 3111 606 3152 281,
624 3110 714 3144 Exc,
732 3111 763 3144 2.
810 3111 824 3132 ⁹
841 3111 914 3152 511,
932 3110 976 3144 R.
995 3112 1026 3145 1.
1155 3111 1235 3148 36.
1262 3111 1275 3133 ¹
1294 3112 1367 3145 304.
