2243 3465
716 169 788 205 DE
824 166 1007 204 Gnsns
1041 163 1394 201 ALEXANDRI.
1909 148 1968 197 '73

137 303 300 354 videri
343 302 436 352 sibi
484 301 751 352 Oceanum
792 301 978 359 abesse,
1021 297 1257 346 indicant
1302 294 1424 359 regi.
1526 292 1710 356 Itaque
1767 289 1969 354 ingenti

138 381 404 430 alacritate
443 378 642 428 nautici
672 377 944 441 remigant.
1013 374 1189 423 Tertio
1221 372 1330 437 jam
1358 371 1440 419 die
1477 369 1704 417 mixtum
1741 365 1968 414 flumini¹

140 457 346 506 subibat
387 472 541 515 mare,
576 455 682 503 leni
726 453 896 501 adhuc
937 454 1082 500 aestu
1126 447 1481 498 confundente.
1523 444 1749 506 dispares
1791 441 1969 489 undas.

141 533 279 581 Tum
319 533 383 581 ad
421 531 646 581 insulam
689 529 858 578 medio
898 543 1051 577 amne
1088 526 1237 574 sitam
1269 523 1534 587 applicant
1572 521 1784 568 classem
1821 520 1872 565 et
1907 515 1968 564 ad

140 612 459 658 commeatus
493 606 744 671 petendos
770 604 1087 653 discurrunt.
1158 599 1335 648 Tertia
1365 599 1525 646 ferme
1548 596 1677 644 hora
1702 598 1824 652 erat,
1851 608 1968 640 cum

140 691 274 733 stata
307 684 416 733 vice
454 683 690 732 Oceanus
732 684 1036 729 exaestuans
1074 676 1251 725 invehi
1295 673 1464 737 coepit
1504 675 1555 720 et
1595 673 1732 719 retro
1775 669 1969 717 fiumen

141 777 337 825 urgere.
408 758 702 808 Identidem
740 756 1096 804 intumescens
1121 768 1260 800 mare
1285 753 1336 799 et
1361 749 1416 798 in
1442 762 1649 810 campos
1675 746 1830 809 paulo
1856 746 1973 792 ante

141 837 300 885 siccos
326 834 631 884 descendere
667 832 1028 897 superfusum3
1065 828 1274 893 navigia
1307 827 1476 874 levata
1513 826 1606 872 aut
1640 823 1778 870 inter
1804 836 1853 868 se
1879 820 1958 868 col

141 911 234 961 lidi
261 916 352 961 aut
374 910 611 975 dispergi.
670 908 852 958 Paulo⁶
870 910 986 971 post
1010 904 1280 953 meridiem
1301 900 1606 965 reciprocari
1627 897 1796 961 coepit
1822 911 1974 954 mare,

84 994 87 996 ’
141 1004 330 1052 magno
356 990 530 1036 tractu
567 985 714 1050 aquis
750 991 806 1032 in
834 999 989 1032 suum
1025 983 1219 1030 fretum
1245 977 1648 1028 recurrentibus.
1719 974 1828 1022 Rex
1854 988 1973 1020 cum

142 1082 201 1114 ex
245 1081 318 1124 e0,
366 1064 505 1128 quod
547 1062 817 1120 acciderat,
857 1058 1186 1123 conjectaret,
1229 1060 1346 1119 post
1395 1053 1514 1102 solis
1561 1053 1735 1100 ortum
1778 1050 1976 1097 statum

143 1146 348 1204 tempus
373 1156 492 1198 esse,
520 1138 600 1186 de⁷
626 1137 796 1185 media
831 1138 995 1193 nocte,
1022 1138 1084 1181 ut
1108 1136 1308 1180 aestum
1335 1130 1624 1192 occuparet,
1653 1142 1772 1174 cum
1799 1124 1977 1187 paucis

143 1216 365 1282 navigiis
401 1214 626 1265 secundo
652 1229 804 1262 amne
829 1209 1063 1260 defluxit.
1132 1208 1360 1257 Evectus
1397 1221 1452 1254 os
1488 1204 1599 1268 ejus
1634 1200 1979 1267 quadraginta

145 1297 310 1347 stadia
332 1295 581 1360 processit
603 1295 660 1342 in
684 1308 838 1352 mare,
864 1289 1077 1339 tandem
1106 1288 1210 1336 voti
1247 1287 1327 1335 sui
1365 1300 1603 1348 compos3
1641 1279 1980 1346 praesidibus·

145 1390 243 1439 que
269 1375 320 1421 et
343 1372 497 1421 maris
522 1374 573 1419 et
595 1371 828 1418 locorum
855 1367 952 1416 diis
979 1364 1228 1415 sacrificio
1256 1364 1391 1411 facto
1418 1361 1483 1410 ad
1509 1361 1721 1409 classem
1747 1356 1914 1405 rediit.

213 1452 289 1498 59.
326 1449 591 1497 Leonnato
629 1445 814 1494 deinde
849 1443 1143 1507 praemisso,
1179 1442 1241 1488 ut
1275 1441 1460 1503 puteos
1495 1436 1706 1493 foderet,
1744 1449 1846 1498 qua
1880 1437 1980 1480 ter-

146 1526 294 1575 restri
331 1525 514 1573 itinere
551 1523 806 1571 ducturus
842 1519 1127 1568 exercitum
1158 1516 1445 1573 videbatur,
1473 1513 1664 1578 quippe
1701 1511 1835 1560 sicca
1870 1511 1978 1557 erat

146 1603 301 1666 regio,
346 1602 452 1665 ipse
495 1615 615 1648 cum
657 1597 817 1661 copiis
859 1595 1111 1651 substitit,
1153 1607 1372 1642 vernum
1412 1593 1619 1653 tempus
1661 1589 1977 1649 exspectans.

147 1677 368 1727 Interim
405 1677 557 1724 urbes
593 1675 860 1739 plerasque
896 1669 1147 1720 condidit.
1218 1666 1460 1717 Nearcho
1497 1672 1651 1728 atque
1690 1662 1982 1711 Onesicrito

146 1755 388 1803 nauticae
413 1753 500 1801 rei¹
530 1751 710 1816 peritis
742 1748 1032 1813 imperavit,
1059 1749 1120 1794 ut
1144 1743 1487 1794 validissimas
1524 1742 1737 1790 navium
1765 1739 1982 1787 deduce-

147 1833 262 1879 rent
296 1830 353 1878 in
391 1829 672 1884 Oceanum,
708 1823 1066 1890 progressique
1103 1821 1274 1886 quoad
1310 1821 1428 1868 tuto
1464 1816 1712 1882 possent,2
1739 1821 1981 1863 naturam

148 1907 304 1955 maris
345 1907 650 1964 noscerent3
705 1902 784 1951 vel
826 1900 1004 1949 eodem
1046 1914 1211 1955 amne,
1253 1897 1334 1945 vel
1377 1895 1645 1959 Euphrate
1689 1892 1860 1941 subire
1901 1906 1982 1939 eos

148 1999 308 2047 posse,
335 1998 455 2031 cum
494 1979 680 2029 reverti
720 1978 785 2026 ad
823 1994 873 2026 se
909 1977 1116 2025 vellent.
1185 1974 1411 2036 Jamque
1449 1971 1688 2033 mitigata
1726 1968 1894 2015 hieme
1934 1968 1984 2013 et

149 2059 383 2117 navibus,
410 2073 538 2121 quae
562 2054 778 2104 inutiles
803 2052 1128 2109 videbantur,
1156 2048 1397 2098 crematis
1435 2051 1571 2096 terra
1597 2045 1819 2093 ducebat
1844 2058 1983 2090 exer-

150 2136 332 2185 citum.
402 2131 571 2181 Nonis
597 2129 777 2180 castris
803 2130 857 2177 in
884 2129 1147 2193 regionem
1178 2126 1525 2181 Arabitamm,
1547 2121 1667 2170 inde
1693 2119 1877 2183 quinto
1903 2118 1985 2166 die

150 2216 210 2265 ad
240 2214 434 2262 flumen
460 2212 715 2276 pervenit,
741 2210 976 2258 Arabum
1012 2206 1210 2255 incolae
1249 2203 1530 2269 appellant.
1599 2201 1759 2265 Regio
1785 2200 1986 2247 deserta

151 2295 204 2340 et
245 2305 498 2354 aquarum
537 2288 686 2351 inops
728 2284 952 2349 excipit3
1004 2299 1161 2347 quam
1202 2296 1440 2330 emensus
1482 2279 1539 2327 in
1585 2277 1756 2326 Oritas
1796 2275 1988 2324 transit

152 2366 452 2416 maritimos.
520 2364 791 2412 Desertam
816 2363 1118 2424 vastamque
1154 2358 1418 2422 regionem
1454 2356 1638 2404 tenent
1675 2369 1733 2401 ac
1770 2368 1834 2399 ne
1867 2365 1988 2399 cum

154 2443 393 2492 finitimis
418 2440 629 2505 quidem
655 2439 763 2488 ullo
789 2435 1086 2486 commercii
1107 2435 1224 2499 jure
1249 2433 1548 2481 miscentur.
1618 2429 1738 2493 Ipsa
1763 2426 1988 2476 solitudo

155 2523 344 2568 natura
381 2533 586 2582 quoque
622 2514 850 2563 immitia
886 2512 1118 2561 efferavit
1157 2508 1398 2573 ingenia3
1449 2505 1752 2570 prominent
1786 2517 1989 2567 ungues

156 2610 446 2658 numquam
482 2593 645 2651 recisi,
687 2606 862 2640 comae
902 2589 1135 2637 hirsutae
1173 2589 1225 2634 et
1265 2586 1502 2633 intonsae
1544 2583 1682 2630 sunt.
1755 2579 1990 2643 Tuguria

156 2670 368 2722 conchis
393 2671 444 2718 et
468 2668 648 2717 ceteris
681 2664 1038 2731 purgamentis
1063 2662 1220 2712 maris
1255 2661 1544 2709 instruunt.
1612 2657 1862 2705 Ferarum
1885 2653 1990 2717 pel-

158 2750 294 2798 libus
321 2746 443 2795 tecti
468 2743 714 2808 piscibus³
742 2743 845 2791 sole
871 2740 1071 2789 duratis
1095 2740 1392 2787 vescuntur.
1464 2731 1803 2796 Consumptis
1828 2730 1992 2794 igitur

159 2822 422 2875 alimentis
464 2819 773 2869 Macedones
819 2817 1007 2882 primo⁴
1050 2815 1292 2879 inopiam,
1335 2811 1520 2860 deinde
1567 2811 1756 2858 famem
1803 2805 1992 2855 sentire

163 2900 460 2964 coeperunt,
496 2896 692 2944 radices
725 2894 1031 2958 palmarum,
1057 2905 1281 2954 namque
1320 2888 1428 2937 sola
1464 2903 1522 2935 ea
1556 2885 1706 2934 arbor
1740 2883 1992 2947 gignitur,

165 2977 357 3040 ubique
393 2974 654 3022 rimantes.
732 2970 831 3019 Sed.
867 2985 988 3018 cum
1023 2969 1149 3016 haec
1174 2981 1379 3032 quoque
1411 2963 1661 3012 alimenta
1686 2959 1989 3016 defecerant,

293 3145 310 3168 ⁸
325 3145 399 3186 346,
415 3144 460 3178 R.
478 3144 510 3177 2.
556 3143 571 3165 ⁸
587 3143 661 3176 400.
716 3141 732 3163 ⁷
749 3141 823 3182 393,
840 3140 886 3173 R.
1026 3138 1106 3175 59.
1133 3139 1144 3160 ¹
1162 3140 1233 3172 373.
1287 3138 1302 3159 2
1320 3137 1392 3171 509.
1408 3136 1438 3168 2.
1496 3133 1510 3155 ³
1527 3133 1600 3165 405.
1656 3130 1670 3152 ⁴
1687 3128 1759 3169 324,
1777 3127 1820 3161 R.
1837 3128 1869 3162 7.
