2243 3465
230 176 292 223 60
501 222 506 226 ,
922 183 1096 221 LATIN
1132 183 1373 220 READER.

229 317 379 367 donis
415 333 606 381 equum
633 316 917 365 adducunt.
987 317 1117 365 Inde
1142 315 1326 380 quinto
1353 314 1434 363 die
1458 313 1515 362 in
1548 313 1870 378 Hyrcaniam
1890 328 2060 363 rever·

229 395 371 442 titur.
1244 385 1248 389 ’

292 473 368 517 39.
404 468 605 517 Deinde
642 469 874 528 Bessum,
901 469 989 533 qui
1015 469 1153 517 veste
1189 467 1330 532 regia
1367 467 1576 530 sumpta
1598 465 1942 514 Artaxerxem
1973 480 2060 528 ap-

226 545 405 608 pellari
433 561 483 593 se
504 545 728 608 jusserat
756 545 1074 609 Scythasque
1095 547 1144 592 et
1170 546 1361 592 ceteros
1381 543 1613 591 <Iaxartis
1638 541 1835 590 accolas
1857 544 2060 590 contra-

226 621 399 680 hebat,
429 621 559 669 bello
585 621 818 684 persequi
854 621 1055 669 statuit.
1125 619 1353 669 Sarcinis
1379 619 1542 667 totius
1569 619 1825 666 exercitus
1859 619 2061 681 praeter

226 697 452 746 maxime
478 698 788 745 necessarias
815 698 1099 745 combustis
1134 697 1190 744 in
1229 695 1563 744 Bactrianam
1597 693 1947 758 proficiscenti
1973 693 2060 741 lit-

226 782 363 822 terae
399 774 725 832 adferuntur,
762 790 788 821 e
824 774 1014 837 quibus
1057 773 1334 836 cognoscit,
1376 771 1777 829 Satibarzanem,
1821 770 1905 818 cui
1952 769 2060 832 ipse

225 850 379 915 paulo
405 852 527 897 ante
553 850 798 897 Ariorum
826 849 1100 913 satrapiam
1126 848 1438 906 restituerat,
1466 847 1721 895 defecisse.
1796 846 1979 905 Quem¹
2002 848 2062 893 nt

227 926 554 989 opprimeret,
583 927 682 973 iter
706 926 769 974 ad
796 925 1063 973 meridiem
1090 925 1359 973 convertit.
1436 923 1659 988 Cognito
1685 922 1795 986 ejus
1829 922 2061 971 adventu

227 1002 583 1051 Satibarzanes
626 1018 744 1050 cum
790 1001 995 1054 duobus
1043 1001 1255 1049 milibus
1296 999 1533 1063 equitum
1582 999 1770 1048 Bactra
1815 999 2061 1062 perfugit.

225 1078 366 1126 Ariis
392 1078 448 1126 in
476 1078 735 1127 dicionem
773 1094 919 1126 suam
956 1077 1192 1136 redactis,
1220 1076 1459 1140 Drangas
1495 1076 1644 1139 petit.
1716 1075 1796 1123 Ibi
1834 1091 2060 1123 commo-

226 1156 363 1203 ranti
391 1154 703 1202 domesticae
729 1154 946 1202 insidiae
981 1157 1247 1217 parantur,
1276 1168 1501 1216 quarum
1536 1150 1794 1215 particeps
1819 1149 2060 1215 Dymnus

227 1231 628 1294 comprehensus
666 1233 825 1278 semet
867 1230 972 1292 ipse
1008 1229 1283 1278 interfecit.
1354 1228 1531 1276 Etiam
1567 1227 1816 1285 Philotas,
1856 1227 2060 1275 Parme-

226 1308 400 1356 nionis
437 1308 577 1355 filius
613 1314 668 1354 in
705 1306 1051 1370 suspicionem
1086 1307 1312 1364 venerat,
1347 1320 1501 1368 quem
1554 1320 1657 1362 rex,
1704 1303 1917 1351 Cratero
1954 1319 2060 1352 ma-

226 1387 362 1434 xime
398 1385 701 1449 instigante,
739 1386 967 1448 torqueri
1000 1384 1172 1449 jussit,
1199 1385 1260 1431 ut
1286 1384 1447 1432 socios
1472 1381 1781 1431 nominaret.
1863 1381 2059 1430 Primo²

227 1463 311 1510 ille
337 1463 541 1510 fortiter
561 1462 786 1510 dolorem
814 1462 928 1522 fert,
957 1461 1142 1509 deinde
1161 1461 1413 1508 laceratus
1434 1458 1610 1507 omnia
1631 1474 1679 1507 se
1701 1458 2060 1507 confessurum

226 1538 503 1602 promittit.
576 1538 880 1593 Confitetur,
922 1537 1284 1601 Hegelochum
1323 1536 1449 1584 olim
1485 1535 1763 1583 tribunum
1800 1534 2054 1598 equitum,

225 1614 437 1679 indigne
472 1616 738 1672 ferentem,
777 1614 914 1677 quod
938 1613 1085 1662 Jovis
1122 1613 1290 1660 filium
1328 1628 1378 1660 se
1416 1611 1628 1660 salutari
1659 1610 1914 1674 jussisset³
1950 1626 2055 1672 rex,

226 1691 559 1738 Parmenioni
599 1691 795 1753 sibique
832 1693 1095 1738 auctorem
1134 1689 1290 1737 fuisse
1331 1704 1503 1752 regem
1550 1686 1902 1744 interimendi,
1940 1702 2055 1734 eam

225 1783 342 1815 vcro
370 1784 491 1826 rem,
518 1767 680 1814 donec
714 1766 911 1814 Dareus
947 1766 1003 1813 in
1028 1765 1159 1814 vivis
1184 1764 1348 1823 esset,4
1374 1764 1588 1812 dilatam
1625 1779 1743 1811 esse.
1822 1762 2058 1825 Cumque

225 1843 376 1891 initio
418 1843 550 1890 1111111
588 1859 638 1891 50
674 1859 794 1890 cum
835 1842 1044 1905 Dymno
1083 1857 1358 1890 commune
1387 1840 1574 1888 habere
1600 1839 1853 1900 (111(15501,5
1878 1842 2056 1902 postea

225 1935 405 1968 rursus
442 1919 716 1967 tormentis
753 1919 990 1976 admotis,
1027 1918 1125 1965 1100
1162 1933 1367 1981 quoque
1405 1916 1600 1964 crimen
1639 1916 1931 1973 confitetur,
1971 1915 2058 1962 sed

225 1999 424 2059 patrem
480 1995 876 2043 Parmenionem
930 1993 1151 2042 0011511116
1206 1997 1468 2056 expertem
1529 1991 1687 2039 fuisse
1746 1994 2047 2054 perseverat.

226 2071 434 2119 Postero
472 2072 552 2119 die
589 2071 847 2134 conjurati
885 2086 1024 2118 more
1060 2069 1228 2133 patrio
1266 2069 1400 2117 saxis
1432 2069 1606 2116 obruti
1646 2071 1784 2116 sunt.
1874 2068 2057 2131 Neque

226 2148 498 2197 Parmenio
535 2148 643 2212 regi
679 2147 858 2195 insons
894 2147 1170 2194 videbatur
1207 2161 1324 2193 esse.
1416 2145 1500 2193 Ad
1537 2160 1688 2207 quem
1726 2143 2057 2207 puniendum

226 2224 617 2288 Polydamante,
654 2223 820 2272 amico
857 2223 1013 2281 illius,
1051 2221 1311 2269 ministr-0⁷
1338 2237 1463 2269 usus
1500 2225 1590 2279 est,
1629 2220 1718 2283 qui
1756 2220 1886 2267 iram
1924 2219 2058 2283 regis

225 2301 566 2349 extimescens
626 2298 912 2362 impensius
973 2298 1143 2356 etiam,
1193 2314 1350 2361 quam
1411 2297 1729 2360 exigebatur,
1793 2294 2058 2359 promittit

226 2393 445 2440 operam.
513 2375 820 2424 Velocitate⁸
847 2390 975 2438 opus
1000 2376 1125 2434 erat,
1156 2390 1285 2436 quae
1311 2373 1626 2425 celeritatem
1664 2372 1829 2419 famae
1855 2375 2056 2420 antece-

226 2454 401 2501 deret.⁵³
472 2452 655 2516 Itaque
694 2455 832 2500 veste
869 2450 1092 2498 Arabica
1129 2449 1349 2497 indutus
1388 2464 1509 2496 cum
1549 2448 1752 2495 duobus
1790 2445 2057 2496 Arabibus

227 2529 503 2578 comitibus
528 2545 618 2592 per
643 2528 842 2576 deserta
866 2527 1022 2574 etiam
1049 2527 1112 2574 ob
1139 2525 1425 2573 siccitatem
1451 2524 1562 2572 loca
1588 2522 1836 2571 camelis¹⁰
1862 2524 2057 2586 profec-

227 2610 312 2654 tus
337 2606 391 2653 in
421 2605 648 2653 Mediam
673 2604 830 2662 venit,
851 2603 940 2651 ubi
968 2601 1242 2650 Parmenio
1269 2618 1387 2649 cum
1417 2600 1668 2663 praesidio
1696 2599 1907 2647 relictus
1933 2601 2057 2648 erat.

230 2681 506 2730 Parmenio
546 2681 671 2729 dum
720 2680 919 2728 litteras
957 2678 1090 2743 regis
1129 2694 1158 2726 a
1201 2677 1577 2742 Polydamante
1616 2675 1834 2724 traditas
1873 2675 2054 2740 legIt,¹¹

230 2757 538 2806 confoditur.

295 2837 370 2881 40.
406 2832 703 2881 Arachosiis
742 2832 967 2880 subactis
1006 2847 1093 2878 rex
1134 2830 1401 2878 nationem
1448 2845 1514 2877 ne
1559 2827 1799 2876 finitimis
1847 2826 2056 2890 quidem

232 2910 354 2959 satis
378 2912 556 2957 notam
578 2924 697 2956 cum
718 2907 950 2956 exercitu
972 2906 1203 2955 intravit.
1263 2903 1689 2969 Parapamisadae
1715 2903 2056 2967 appellantur,

231 2988 428 3050 agreste
463 2985 738 3033 hominum
775 2999 951 3047 genus,
978 2983 1073 3031 vel'
1103 2981 1257 3030 inter²
1283 2983 1525 3030 barbaros
1561 2980 1786 3029 maxime
1823 2977 2056 3026 incondi-

297 3106 378 3140 39.
408 3106 419 3127 ¹
437 3106 508 3138 612.
576 3105 591 3126 ²
608 3105 680 3143 324,
698 3104 741 3136 R.
760 3105 791 3136 7.
858 3104 872 3125 ³
890 3103 962 3136 542.
1021 3102 1036 3124 ⁴
1053 3103 1126 3141 571,
1143 3102 1216 3142 509,
1233 3102 1264 3134 2.
1332 3101 1346 3122 ⁶
1363 3102 1435 3134 588.
1502 3100 1518 3122 θ
1533 3101 1606 3134 373.
1671 3099 1688 3122 ⁷
1705 3099 1777 3139 405,
1796 3098 1841 3131 R.
1859 3099 1889 3130 2.
1954 3097 1969 3119 ⁸
1987 3097 2054 3131 ΒΜ

265 3158 338 3189 632.
385 3157 417 3179 ¹⁰
434 3158 506 3195 205,
524 3156 566 3189 R.
585 3157 617 3189 2.
665 3157 694 3178 ¹¹
713 3157 783 3188 572.
976 3154 1057 3188 40.
1084 3154 1094 3174 ¹
1114 3154 1184 3185 490.
1232 3153 1247 3174 ²
1264 3153 1337 3193 371,
1353 3152 1396 3185 R.
1414 3153 1445 3185 5.
