2243 3465
759 121 1021 158 FABULAE
1057 120 1377 157 AEsomoAE.
1967 110 1996 157 9

145 255 224 305 Ea
263 259 371 304 uno
413 254 530 304 die³
569 270 822 319 magnum
862 259 1110 302 ranarum
1148 268 1430 301 numerum
1469 251 1733 312 dilacerat,
1767 250 1996 316 jugulat,

145 339 286 384 vivas
312 335 438 384 alias
464 336 690 384 devorat.
761 334 1008 398 Reliquae
1034 349 1229 382 mersae
1253 333 1449 397 lugent,
1475 332 1623 390 flent,
1651 335 1819 390 orant,
1846 336 1906 380 ut
1931 333 1995 380 ab

144 414 242 464 hac
268 416 562 464 calamitate
587 416 887 464 liberemur.
958 414 1057 463 Sed
1083 414 1238 462 deum
1274 420 1381 461 non
1419 415 1632 461 movent
1668 412 1907 477 querelae
1933 427 1991 461 ac

144 494 405 544 lacrimae.
479 494 794 559 Benignum,
820 493 1010 557 inquit.
1038 496 1088 541 et
1123 493 1390 557 placidum
1427 508 1600 558 regem
1638 499 1745 541 non
1785 491 1996 552 tulistis,

155 576 264 640 jam
291 576 459 624 ferum
485 577 536 623 et
560 575 837 623 barbarum
863 574 1049 621 fertote
1071 572 1080 621 1

662 654 675 676 ι
692 653 766 686 401.
893 652 908 674 2
926 654 998 685 541.
1044 652 1112 685 See
1129 652 1201 692 509,
1219 652 1251 685 2.
1378 650 1393 673 ³
1409 651 1481 686 392.

778 764 846 804 15.
881 764 1122 803 Ranarum
1149 762 1380 801 convicia.

209 844 481 908 Agricolae
501 843 649 908 Lycii
670 844 927 892 Latonam
951 843 1211 892 sitientem
1231 844 1293 892 ab
1311 860 1369 908 aq
1380 849 1445 892 ua
1462 843 1812 908 prohibebant
1837 845 1992 907 atque

145 925 302 974 etiam
329 924 495 973 minas
520 927 572 972 et
597 924 831 973 convicia
849 924 1123 973 addebant.
1194 923 1302 972 Dea
1320 927 1398 971 ira
1414 925 1426 946 ¹
1450 924 1710 972 commota
1735 923 1998 986 improbos

146 1004 393 1069 agricolas
418 1005 643 1053 mutavit
668 1004 723 1053 in
743 1010 908 1053 ranas.
979 1003 1161 1069 Neque
1181 1006 1357 1052 tamen
1378 1006 1570 1051 mutati
1596 1003 1844 1052 conviciis
1863 1002 1879 1024 ²
1907 1002 1995 1050 de-

147 1084 356 1132 sistunt.

212 1163 461 1224 Quamvis
486 1163 592 1213 sint
608 1163 623 1185 ³
647 1164 744 1212 sub
771 1169 916 1228 aqua,
943 1164 1038 1212 sub
1063 1169 1196 1228 aqua
1220 1162 1522 1211 maledicere
1549 1163 1773 1211 tentant.

730 1244 743 1266 1
761 1244 834 1283 407,
853 1244 898 1276 R.
918 1244 948 1277 1.
1073 1243 1089 1265 2
1105 1244 1179 1277 388.
1308 1242 1323 1264 ³
1340 1243 1414 1276 608.

606 1355 676 1393 16.
705 1355 870 1404 Equus
891 1353 1118 1393 auxilium
1137 1353 1254 1404 petit
1274 1354 1332 1392 ab
1351 1352 1551 1392 homine.

213 1435 396 1506 Equus
419 1436 632 1500 gerebat
670 1436 866 1484 bellum
902 1453 1020 1485 cum
1060 1441 1223 1484 cervo.
1294 1434 1428 1484 Cum
1465 1449 1629 1498 equus
1646 1433 1828 1498 pulsus
1854 1434 2002 1483 esset¹

148 1522 175 1564 e
198 1516 361 1580 prato,
387 1515 644 1563 auxilium
669 1515 801 1579 petit
826 1517 888 1564 ab
914 1515 1136 1563 homine.
1217 1515 1371 1564 Redit
1396 1530 1517 1563 cum
1553 1512 1766 1562 homine
1803 1529 1861 1562 ac
1897 1528 2003 1561 cer-

148 1610 271 1645 vum
322 1595 498 1644 vincit.
574 1595 673 1644 Sed
709 1595 819 1659 jam
861 1595 970 1659 ipse
1013 1595 1214 1644 homini
1260 1598 1451 1644 servire
1499 1593 1721 1659 cogitur,
1771 1593 2002 1658 equitem

149 1675 299 1724 dorso
316 1675 332 1697 ²
356 1675 488 1724 ferre
513 1678 564 1724 et
589 1681 674 1724 ore
703 1676 931 1725 frenum.

684 1755 697 1777 ¹
714 1755 788 1788 586.
1356 1754 1372 1776 ²
1388 1754 1463 1788 387.

634 1853 705 1891 17.
734 1851 871 1900 Quod
898 1851 1113 1903 catulum,
1142 1854 1236 1890 n6n
1264 1850 1402 1889 decet
1430 1849 1623 1890 asinum.

216 1932 475 1981 Dominus
510 1932 643 1981 asini
677 1933 902 1981 habebat
938 1933 1093 1981 etiam
1120 1933 1369 1982 catulum.
1439 1931 1491 1980 Is
1518 1937 1547 1979 a
1575 1930 1791 1980 domino
1815 1929 1826 1951 ¹
1856 1944 2003 1992 saepe

150 2011 461 2061 laudabatur
485 2014 535 2060 et
560 2013 996 2075 permulcebatur,
1022 2012 1288 2076 frustaque
1309 2027 1507 2074 semper
1527 2010 1732 2076 egregia
1748 2013 1794 2058 ei
1814 2009 2004 2057 (laban-

154 2095 251 2141 tur.
322 2091 440 2140 Hoc
464 2108 584 2140 cum
612 2091 808 2140 invidia
834 2092 1044 2140 videbat
1070 2092 1258 2140 asinus.
1329 2091 1606 2155 Cogitabat
1632 2097 1836 2138 secum:
1897 2088 2003 2137 Cur

151 2172 292 2222 canis
318 2174 390 2221 ita
413 2176 619 2220 amatur
643 2178 671 2219 a
696 2172 944 2221 domino?
966 2172 978 2194 ¹
1018 2172 1122 2221 Cur
1146 2188 1236 2236 ego
1253 2172 1268 2193 ²
1295 2172 1425 2220 male
1452 2170 1685 2220 tractor?
1723 2170 1817 2217 Ille
1843 2169 2002 2216 inuti-

150 2252 214 2301 lis
238 2254 344 2313 est3
383 2269 476 2316 ego
497 2251 512 2273 ²
538 2252 768 2300 maxima
793 2268 993 2315 semper
1017 2252 1287 2300 commoda
1313 2250 1525 2300 domino
1552 2253 1857 2313 comparavi.
1926 2249 2002 2295 At

152 2332 293 2381 canis
319 2332 537 2380 callidus
561 2335 637 2380 est
661 2333 901 2380 adulator
916 2348 929 2393 3
968 2338 996 2380 a
1020 2339 1104 2380 me
1141 2332 1385 2381 (lominus
1410 2348 1682 2396 nunquam
1721 2329 2000 2378 blanditias

151 2412 365 2475 accepit.
435 2411 612 2460 Etiam
654 2427 746 2476 ego
785 2413 1009 2471 amabor,
1037 2416 1080 2461 si
1118 2412 1256 2460 idem
1281 2412 1502 2471 facia1n‚³
1528 2410 1666 2475 quod
1707 2409 1795 2458 ille
1836 2410 2000 2457 facere

152 2491 524 2540 Solet—Forte
549 2492 649 2540 hoc
672 2493 903 2555 tempore
923 2491 938 2513 ⁴
965 2492 1209 2540 dominus
1244 2491 1409 2540 intrat
1444 2492 1497 2538 in
1535 2490 1814 2538 stabulum.
1887 2488 2000 2537 Sta-

152 2571 250 2619 tim
275 2571 450 2619 asinus
475 2572 714 2630 accurrit,
740 2571 933 2619 rudens
957 2572 1112 2635 pedes
1147 2572 1299 2635 ponit
1339 2571 1394 2619 in
1438 2570 1637 2618 domini
1678 2569 1910 2617 humeris
1952 2569 2001 2615 et

153 2650 336 2708 faciem
361 2649 467 2697 lata
492 2655 584 2698 sua
610 2650 791 2714 lingua
817 2650 1041 2699 lambere
1067 2651 1265 2714 incipit.
1333 2650 1633 2698 Exterritus
1667 2648 1914 2696 dominus
1953 2651 2002 2698 et

152 2732 317 2777 iratus
341 2732 491 2777 vocat
516 2729 756 2788 famulos,
782 2734 874 2793 qui
898 2730 1126 2778 fustibus
1151 2730 1357 2779 asinum
1383 2730 1608 2783 stultum
1644 2727 1828 2776 misere
1866 2726 1996 2774 mul-

154 2813 285 2859 cant.
354 2808 619 2857 Mulcatus
645 2809 924 2858 stultitiam
950 2826 1096 2858 suam
1122 2810 1425 2873 deploravit.

577 2927 582 2931 .
647 2887 659 2909 ¹
678 2888 750 2920 205.
877 2888 893 2909 2
911 2889 981 2921 198.
1109 2888 1123 2910 ³
1140 2890 1213 2929 234,
1231 2889 1273 2921 R.
1294 2890 1324 2921 1.
1466 2888 1481 2910 ⁴
1498 2888 1570 2920 392.

668 2998 737 3036 18.
765 2997 954 3037 Dictum
983 2998 1118 3038 eitius
1147 3009 1283 3048 quam
1310 2996 1492 3037 factum.

222 3078 401 3154 Mures
424 3077 703 3142 aliquando
729 3079 1108 3139 consultabant,
1142 3079 1401 3144 quomodo
1427 3085 1479 3127 se
1505 3083 1534 3126 a
1551 3077 1562 3099 ¹
1590 3076 1688 3126 fele
1714 3078 1853 3124 tueri
1887 3090 1994 3139 pos-

685 3157 745 3205 1*
