2243 3465
230 163 295 210 58
918 173 1095 212 LATIN
1130 172 1370 211 READER.

232 306 554 355 decesserant
588 305 805 354 militari
831 306 913 355 via
947 308 1000 355 et
1024 322 1192 355 errore
1224 305 1396 354 delata
1430 320 1521 369 per
1544 306 1795 369 quattuor
1819 304 1986 354 stadia
2009 305 2063 355 in

231 382 455 446 quadam
480 382 612 430 valle
649 382 994 431 constiterant
1029 386 1174 431 aestu
1212 382 1470 445 simulque
1496 382 1802 431 vulneribus
1839 383 2067 447 fatigata.

230 458 392 506 Haud
418 459 601 521 procul
628 462 736 507 erat
760 459 893 519 fons,
920 459 985 507 ad
1011 475 1166 522 quem
1197 458 1522 522 Polystratus
1549 457 1763 506 Macedo
1791 458 1876 507 siti
1902 459 2066 507 cruci-

229 538 345 582 atus
383 534 622 583 accessit:
657 550 716 583 ac
753 535 879 583 dum
916 536 1063 600 galea
1099 535 1342 583 haustam
1374 550 1561 597 aquam
1599 534 1804 594 sorbet,‘²
1824 533 2067 598 jumenta

229 611 499 675 conspexit
544 611 875 676 hominisque
918 611 1152 660 semivivi
1194 612 1452 675 gemitum
1494 610 1737 674 percepit.
1836 610 2066 659 Dimotis

227 687 465 751 pellibus,
491 688 682 752 quibus
706 688 1010 737 vehiculum
1035 689 1302 737 obtectum
1328 690 1453 746 erat,
1478 686 1709 735 Dareum
1745 687 1928 735 multis
1954 687 2066 735 vul-

228 763 441 812 neribus
467 764 767 813 confossum
793 765 998 828 reperit.
1063 763 1256 828 Regius
1280 763 1420 811 enim
1449 763 1623 811 cultus
1650 765 1701 811 et
1726 779 1908 811 aureae
1933 767 2066 812 cate-

228 854 338 899 nae,
357 840 545 903 quibus
571 856 600 888 a
624 840 894 903 parricidis
913 841 1120 890 vinctus
1147 841 1330 899 fuerat,
1348 839 1731 888 dubitationem
1751 839 2065 888 eximebant.

227 916 348 964 Non
387 920 496 964 erat
531 932 711 980 expers
748 916 929 966 Graeci
973 916 1243 965 sermonis³
1272 915 1502 977 Dareus3
1550 915 1846 980 gratiasque
1882 916 2066 980 agebat

227 991 340 1052 diis,
363 992 452 1056 qui
479 995 592 1055 post
618 995 767 1041 tanta
791 993 928 1042 mala
949 997 1159 1056 tamque
1184 992 1363 1056 gravia
1388 992 1487 1041 hoc
1508 996 1681 1041 tamen
1705 992 2064 1041 indulsissent‘

227 1069 433 1128 solatii,⁶
453 1069 537 1117 ne‘
553 1069 770 1117 omnino
789 1071 844 1117 in
872 1069 1156 1118 solitudine
1176 1071 1467 1117 extremum
1497 1069 1742 1132 spiritum
1762 1069 2064 1118 effunderet.

228 1145 363 1194 Cum
404 1145 489 1194 siti
531 1148 826 1210 angeretur,
865 1146 1022 1195 allata
1070 1162 1161 1209 per
1202 1145 1559 1210 Polystratum
1602 1161 1736 1209 aqua
1777 1149 2064 1195 recreatus:

225 1222 381 1287 Ergo,
406 1222 597 1287 inquit,
624 1222 761 1271 hanc
800 1223 955 1271 etiam
991 1222 1154 1271 tantis
1181 1221 1568 1271 calamitatibus
1603 1224 1889 1270 extremam
1924 1238 2065 1271 acce-

226 1299 344 1348 dere
370 1299 618 1362 oportuit,
645 1300 724 1348 ut⁷
751 1300 878 1348 bene
905 1299 1090 1347 merito
1125 1298 1350 1363 gratiam
1383 1299 1572 1348 referre
1607 1314 1714 1347 non
1751 1300 1941 1363 possim
1959 1315 1972 1360 3
2010 1302 2064 1348 at

225 1377 412 1424 referet
447 1376 759 1435 Alexander,
786 1376 1087 1424 Alexandro
1124 1391 1243 1424 vero
1280 1374 1367 1423 dii.
1437 1374 1691 1423 Dextram
1729 1375 1915 1423 deinde
1951 1391 2063 1439 pro-

225 1452 412 1512 tendit,
453 1468 668 1516 eamque
706 1453 1022 1512 Alexandro,
1062 1451 1180 1500 fidei
1228 1452 1396 1516 regiae
1443 1451 1653 1515 pignus,
1692 1451 1814 1499 ferri
1856 1451 2062 1516 jubens,

225 1529 545 1593 apprehensa
581 1528 864 1594 Polystrati
901 1545 1063 1577 manu
1100 1528 1331 1577 animam
1364 1528 1573 1577 efflavit.
1643 1528 1940 1577 Alexander
1975 1528 2063 1577 an⁸

225 1605 444 1669 spiranti
470 1605 643 1654 adhuc
669 1605 1038 1669 supervenerit,
1059 1605 1320 1654 incertum
1348 1607 1424 1653 est
1439 1621 1453 1666 3
1485 1604 1618 1653 illud
1644 1608 1864 1661 constat,
1886 1605 2062 1653 miser-

225 1682 348 1731 abili
374 1682 508 1747 regis
533 1682 917 1746 opulentissimi
953 1682 1096 1730 exitu
1125 1685 1402 1745 comperto,
1430 1682 1659 1745 copiosas
1683 1682 1922 1730 lacrimas
1946 1697 2063 1745 pro-

225 1758 434 1818 fudisse,
462 1759 740 1823 statimque
777 1759 1049 1824 chlamyde
1086 1759 1181 1807 sibi
1219 1758 1451 1806 detracta
1487 1773 1676 1821 corpus
1712 1758 1972 1822 operuisse
2009 1761 2062 1806 et

225 1851 416 1900 magno
443 1851 563 1884 cum
587 1835 784 1884 honore
810 1835 873 1883 ad
900 1851 1015 1884 suos
1042 1835 1228 1883 deferri
1249 1834 1475 1899 jussisse,
1511 1837 1573 1882 ut
1608 1835 1748 1900 regio
1785 1835 2062 1884 Persarum

225 1928 365 1960 more
392 1915 631 1960 curatum
659 1912 1016 1960 monumentis
1043 1912 1300 1976 majorum
1325 1912 1620 1960 inferretur.

291 1991 370 2039 37.
401 1988 600 2036 Verum
621 1988 907 2037 Alexandri
930 2005 1094 2036 mores
1113 1991 1230 2052 post
1251 1988 1405 2036 Darei
1432 1990 1650 2036 mortem
1672 1988 1867 2036 mutari
1888 2004 2062 2052 coepe-

224 2068 352 2113 runt
393 2065 446 2113 et
487 2065 659 2128 quem¹
694 2081 838 2113 arma
879 2064 1151 2113 Persarum
1194 2081 1302 2113 non
1344 2066 1619 2129 fregerant,
1646 2063 1775 2113 vitia
1808 2067 2061 2113 vicerunt.

228 2141 370 2190 Hinc
406 2141 607 2205 saepius
643 2144 968 2205 comparatae
1004 2142 1059 2189 in
1085 2144 1244 2205 caput
1279 2141 1391 2205 ejus
1426 2140 1662 2199 insidiae,
1690 2140 1901 2189 secessio
1926 2141 2062 2188 mili-

224 2219 356 2276 tum,
393 2217 556 2281 ipsius
591 2218 777 2267 deinde
815 2234 959 2267 nunc
994 2218 1084 2278 ira,
1122 2234 1267 2267 nunc
1304 2217 1635 2281 suspiciones,
1672 2220 1942 2281 ceteraque
1977 2217 2060 2266 his

225 2293 429 2353 similia,
456 2310 586 2358 quae
611 2294 798 2342 deinde
824 2294 1079 2343 dicentur.

291 2370 610 2418 Perventum
645 2372 755 2419 erat
788 2371 843 2418 in
879 2370 1212 2431 Parthienen,
1243 2370 1333 2418 ubi
1370 2370 1492 2418 urbs
1518 2374 1626 2418 erat
1662 2385 1719 2417 ea
1754 2371 2060 2432 tempestate

225 2447 363 2495 clara
398 2445 819 2513 Hecatompylos,
846 2447 1058 2496 condita
1092 2464 1121 2495 a
1147 2447 1382 2508 Graecis3
1421 2446 1493 2494 ibi
1527 2446 1714 2494 stativa
1748 2461 1836 2494 rex
1874 2446 2060 2494 habuit

225 2523 599 2573 commeatibus
646 2524 881 2588 undique
928 2524 1169 2573 advectis.
1261 2523 1443 2587 Itaque
1482 2538 1658 2570 rumor
1700 2522 1810 2570 sine
1849 2527 2058 2571 auctore

223 2600 561 2664 percrebruit,
588 2617 761 2665 regem
799 2604 1108 2650 contentum
1145 2601 1312 2658 rebus,
1337 2615 1465 2663 quas
1499 2598 1771 2663 gessisset,²
1797 2598 1852 2647 in
1890 2598 2059 2647 Mace-

225 2676 435 2725 doniam
471 2677 713 2740 protinus
752 2678 917 2726 redire
954 2677 1211 2727 statuisse.
1282 2676 1602 2725 Discurrunt
1637 2675 1691 2723 in
1722 2676 2059 2724 tabernacula

223 2757 274 2803 et
300 2753 476 2801 itineri
503 2752 728 2802 sarcinas
753 2756 965 2817 aptant3
1004 2753 1211 2819 signum
1237 2753 1420 2802 datum
1446 2752 1709 2812 crederes,3
1735 2755 1795 2800 ut
1819 2768 1937 2801 vasa
1957 2753 2057 2801 col-

223 2830 459 2892 ligerent.
562 2829 722 2877 Haud
764 2845 907 2879 secus
943 2830 1019 2879 ac⁴
1055 2847 1148 2894 par
1190 2832 1312 2888 erat,
1355 2828 1567 2877 territus
1610 2827 1923 2887 Alexander,
1966 2827 2056 2891 qui

223 2904 381 2953 indos
425 2907 579 2969 atque
628 2906 818 2954 ultima
858 2907 1072 2955 orientis
1119 2922 1390 2970 peragrare
1434 2905 1734 2964 statuisset,⁶
1773 2906 2056 2967 praefectos

225 2981 494 3045 copiarum
529 2983 585 3030 in
622 2982 941 3046 praetorium
967 2986 1231 3042 convocat,
1257 2981 1556 3046 obortisque
1580 2980 1823 3039 lacrimis,
1851 2996 1911 3027 ex
1947 2996 2051 3028 me-

285 3102 301 3124 9
317 3103 390 3137 572.
457 3102 472 3124 ⁸
491 3104 564 3143 373,
631 3102 646 3124 ⁴
663 3103 735 3136 636.
805 3103 820 3124 ⁶
836 3104 909 3136 371.
977 3103 991 3124 ⁶
1007 3103 1079 3144 ⁵56,
1098 3102 1140 3136 R.
1158 3102 1189 3135 4.
1256 3102 1271 3124 ⁷
1288 3102 1361 3142 525,
1378 3101 1422 3135 R.
1440 3102 1471 3134 3.
1538 3100 1554 3123 ⁸
1569 3100 1642 3141 462,
1661 3101 1692 3133 3.
1843 3098 1924 3134 37.
1950 3099 1960 3111 ’
1980 3098 2046 3133 621.

255 3153 327 3187 630.
399 3154 413 3176 ³
430 3154 503 3187 252.
571 3155 585 3177 ⁴
603 3155 674 3188 646.
742 3155 757 3176 ⁶
774 3155 846 3188 636.
