2243 3465
259 191 287 240 7
295 191 321 237 6
925 169 935 180 ’
953 201 1127 242 LATIN
1163 202 1401 241 READER.

261 333 378 382 teris
422 332 576 381 etiam
616 333 680 382 ad
715 333 1059 399 Antipatrum
1103 336 1309 400 scriptis
1350 335 1601 386 honorem
1645 338 1872 388 emeritis
1913 338 2091 389 haberi

258 411 530 473 praecepit,
556 418 617 458 ut
642 412 880 474 quotiens
917 413 1027 463 ludi
1065 417 1218 477 atque
1245 415 1530 463 certamina
1561 413 1870 474 ede1·entur,⁴
1895 415 1950 463 in
1987 415 2091 479 pri-

258 487 354 535 mis
391 487 662 536 ordinibus
714 490 945 538 coronati
997 493 1304 553 spectarent.
1417 490 1690 538 Craterum
1738 490 2090 540 Macedoniae*

256 565 752 628 continentibusque
810 565 1108 630 regionibns
1167 582 1288 614 cum
1342 567 1557 630 imperio
1602 582 1831 630 pracesse
1876 568 2090 631 placuit,

258 641 599 704 Antipatrum
625 657 745 689 cum
773 642 1132 706 supplemento
1157 643 1433 708 juniorum
1459 642 1800 691 Macedonum
1828 644 1893 692 ad
1919 660 2091 709 regem

254 732 476 781 pergere.

322 797 396 842 63.
442 793 600 841 Motis
637 793 757 841 inde
783 793 963 842 castris
1000 794 1321 860 Babylonem
1355 795 1679 859 procedebat.
1753 795 1976 860 Jamque
2002 795 2088 845 vix

254 869 472 933 triginta-
508 870 570 918 ab
605 872 731 918 urbe
758 870 954 919 stadiis¹
980 871 1169 930 aberat,
1197 887 1317 920 cum
1353 872 1626 920 Nearchus
1666 872 1908 932 occurrit,
1935 888 2089 936 quem

252 962 342 1010 per
370 946 634 994 Ocea-num
660 949 710 995 et
734 947 1020 1010 Euphratis
1046 948 1177 996 ostia
1202 947 1521 1012 Babylonem
1548 948 1895 1011 praemiserat.
1963 949 2089 996 Ora-

253 1024 355 1082 bat,
382 1039 446 1071 ne
472 1024 654 1071 urbem
681 1023 836 1072 vellet
861 1023 1064 1088 ingredi
1080 1039 1092 1084 3
1130 1024 1342 1072 fatalem
1368 1040 1479 1072 eam
1507 1024 1551 1072 ei
1581 1026 1702 1084 fore,
1728 1042 1787 1073 ex
1817 1025 2088 1074 Chaldaeis

252 1115 302 1147 se
329 1099 650 1163 comperisse.
722 1100 831 1149 Rex
869 1103 1006 1149 fama
1038 1116 1215 1149 eorum
1251 1100 1529 1148 hominum
1567 1105 1757 1160 motus,
1783 1101 2007 1150 dimissis
2032 1102 2085 1150 in

252 1177 432 1224 urbem
470 1177 755 1225 amicorum
794 1177 1068 1241 plerisque,
1095 1177 1197 1225 alia
1222 1176 1305 1225 via
1342 1181 1546 1240 praeter
1586 1177 1900 1242 Babylonem
1941 1178 2088 1226 ducit

251 1269 308 1300 ac
334 1253 574 1301 ducentis
610 1252 732 1301 inde
759 1253 936 1302 stadiis
963 1252 1151 1302 stativa
1182 1253 1331 1301 locat.
1403 1253 1501 1302 Sed
1538 1254 1601 1302 ab
1628 1254 1940 1303 Anaxarcho
1976 1254 2089 1317 phi-

249 1328 463 1392 losopho
499 1328 727 1388 edoctus,
755 1328 1069 1393 contemptis
1109 1328 1486 1377 Chaldaeorum
1528 1330 1755 1389 monitis,
1790 1331 1971 1378 urbem
2008 1330 2086 1378 in-

253 1408 370 1454 trat.
478 1405 784 1470 Legationes
832 1422 888 1454 eo
936 1422 997 1453 ex
1046 1406 1285 1454 universo
1334 1406 1494 1454 ferme
1542 1406 1662 1455 orbe
1709 1406 2082 1457 confluxerant.

251 1484 450 1539 Quibus
491 1499 582 1547 per
620 1484 910 1547 complures
948 1483 1055 1532 dies
1097 1483 1326 1532 studiose
1367 1483 1577 1546 auditis,
1605 1484 1843 1548 deinceps
1880 1484 1945 1534 ad
1981 1485 2086 1534 He-

248 1560 565 1624 phaestionis
590 1559 982 1609 familiarissimi
1007 1560 1161 1624 paulo
1182 1562 1300 1608 ante
1325 1559 1376 1607 in
1402 1558 1586 1608 itinere
1607 1561 1801 1609 mortui
1822 1563 2085 1626 exsequias

248 1636 439 1700 adjecit
471 1636 738 1697 animum3
777 1653 906 1700 quae
943 1652 1145 1685 summo
1171 1635 1407 1684 omnium
1445 1637 1619 1685 studio
1656 1637 1910 1686 celebrata
1946 1642 2084 1688 sunt.

248 1712 450 1760 Deinde
475 1712 799 1775 expeditione
825 1713 961 1761 facta
986 1713 1039 1760 in
1066 1713 1301 1761 Arabum
1327 1713 1454 1761 fines
1480 1713 1667 1761 futuri²
1695 1729 1905 1762 securus
1934 1714 2083 1763 Chal·

249 1789 399 1837 daeos
435 1788 699 1848 irridebat,
726 1789 865 1853 quod
903 1789 1223 1853 Babylonem
1260 1805 1366 1838 non
1401 1789 1661 1854 ingressus
1697 1793 1906 1839 tantum
1933 1792 2083 1840 esset³

248 1865 541 1925 incolumis,
580 1882 759 1915 verum
797 1866 954 1914 etiam
991 1866 1301 1915 excessisset.
1372 1864 1436 1913 In
1476 1867 1657 1914 urbem
1695 1882 1925 1916 reversus
1961 1883 2082 1916 cum

247 1942 548 1991 Nearchum
588 1941 868 2006 excepisset
905 1942 1142 1991 convivio
1180 1941 1391 2006 jamque
1431 1942 1690 1991 cubitum⁴¹
1730 1943 1900 1992 iturus
1937 1948 2082 2004 esset,

248 2018 408 2067 Medii
434 2018 668 2067 Thessali
694 2018 900 2067 obnixis
935 2019 1175 2083 precibus
1199 2018 1357 2079 dedit,
1384 2022 1445 2067 ut
1480 2019 1543 2067 ad
1581 2035 1699 2067 eum
1728 2020 2082 2068 comissatum⁴

247 2094 459 2144 veniret.
527 2088 631 2144 Ubi
681 2098 956 2159 postquam
1005 2097 1116 2143 tota
1162 2097 1314 2144 nocte
1359 2098 1672 2160 perpotavit,
1717 2095 1849 2144 male
1896 2097 2083 2146 habere

249 2171 431 2235 coepit.
499 2171 865 2235 Ingravescens
908 2170 1093 2219 deinde
1131 2173 1343 2220 morbus
1385 2172 1510 2220 adeo
1552 2188 1729 2221 omnes
1770 2172 1902 2222 vires
1943 2172 2083 2222 intra

249 2252 455 2296 sextum
481 2247 618 2295 diem
645 2247 897 2306 exhausit,
926 2250 985 2296 ut
1018 2264 1082 2296 ne
1108 2249 1248 2297 vocis
1273 2247 1484 2311 quidem
1520 2251 1746 2312 potestas
1783 2252 1926 2298 esset.
1995 2249 2082 2298 In-

248 2327 385 2372 terea
420 2324 626 2382 milites,
655 2323 1008 2372 sollicitudine
1039 2323 1394 2387 desiderioque
1431 2324 1541 2388 ejus
1578 2324 1736 2384 anxii,
1763 2341 2080 2389 quamquam

248 2400 649 2449 obtestantibus⁵
674 2400 909 2459 ducibus,
937 2416 1001 2448 ne
1026 2400 1379 2448 valetudinem
1406 2400 1537 2465 regis
1564 2405 1851 2461 onerarent,
1878 2418 2082 2465 expres-

249 2485 443 2535 serunt,
471 2478 532 2524 ut
556 2476 611 2524 in
639 2482 975 2539 conspectum
1012 2476 1122 2540 ejus
1158 2467 1594 2538 admitterentur3
1632 2476 1822 2540 quibus
1848 2478 2081 2526 osculan-

248 2553 386 2602 dam⁶
413 2553 647 2601 dextram
686 2569 832 2601 suam
858 2552 1106 2601 flentibus
1144 2551 1391 2616 porrexit.
1470 2552 1703 2601 Dimisso
1729 2553 1885 2617 vulgo
1911 2554 2082 2618 propi-

248 2645 410 2693 usque
447 2629 586 2677 adire
617 2629 774 2692 jussis
811 2629 1004 2687 amicis,
1032 2628 1326 2678 detractum
1363 2628 1581 2677 anulum
1613 2629 1779 2693 digito
1807 2630 2080 2678 Perdiccae

246 2705 464 2754 tradidit
489 2705 702 2768 adjectis
728 2705 1000 2764 mandatis,
1023 2708 1083 2753 ut
1103 2720 1289 2768 corpus
1315 2720 1468 2753 suum
1494 2704 1559 2753 ad
1584 2704 1933 2753 Hammonem
1958 2707 2079 2754 ferri

244 2782 499 2847 juberent.
554 2781 1048 2840 Quaerentibushis,
1069 2780 1153 2829 cui
1172 2781 1489 2845 relinqueret
1508 2783 1765 2845 regnum?
1797 2782 2079 2845 respondit,

247 2860 307 2917 ei,
335 2858 422 2921 qui
461 2861 591 2905 esset
627 2858 868 2920 optimus.
939 2857 1193 2921 Suprema
1232 2860 1358 2906 haec
1384 2873 1483 2907 vox
1524 2857 1627 2906 fuit
1664 2857 1798 2922 regis
1835 2860 1887 2905 et
1925 2859 2078 2921 paulo

247 2936 360 2998 post
386 2933 751 2997 exstinguitur.

347 3062 500 3103 ⁴509‚2.
557 3062 661 3096 ⁵346.
791 3062 870 3099 63.
898 3063 1001 3104 1400,
1019 3062 1062 3097 R.
1083 3063 1112 3096 1.
1157 3062 1263 3097 2373.
1319 3062 1425 3098 ³541.
1482 3063 1586 3097 ⁴436.
1640 3061 1806 3104 ⁸611‚R.
1867 3062 1969 3097 ⁶431.
