2243 3465
689 149 762 184 DE
799 147 984 184 ansus
1021 147 1372 183 ALEXANDRI.
1883 135 1944 184 67

112 284 350 348 porisque
389 281 644 339 custodes,
668 281 807 330 inter
831 296 958 345 quos
995 279 1172 329 ramis²
1198 295 1315 328 aves
1352 278 1599 342 pendent,
1626 293 1752 343 quas
1785 277 1941 326 cantu

113 360 256 410 seriis
296 359 466 408 rebus³
507 359 797 421 obstrepere
836 357 1141 405 docuerunt.
1233 355 1394 420 Regia
1431 359 1637 404 auratas
1675 354 1945 403 columnas

111 437 297 496 habet3
329 438 463 483 totas
489 451 570 483 eas
595 435 717 482 vitis
741 433 884 482 auro⁴
903 433 1097 481 caelata
1121 433 1396 496 percurrit,
1414 431 1706 495 aviumque,
1724 447 1944 495 quarum

112 512 247 560 visu⁵
288 512 512 560 maxime
554 510 800 576 gaudent,
846 513 1118 573 argenteae
1162 509 1356 572 effigies
1398 523 1552 571 opera
1595 507 1945 572 distinguunt.

113 588 274 652 Regia
298 588 612 636 adeuntibus
639 590 794 649 patet,
812 601 932 633 cum
959 585 1209 648 capillum
1234 584 1396 647 pectit
1422 588 1575 647 atque
1597 586 1750 632 ornat
1766 601 1778 644 3
1814 586 1945 633 tunc

112 680 355 728 responsa
383 662 747 728 legationibus,
774 667 902 709 tunc
933 661 1052 724 jura
1086 661 1428 724 popularibus
1454 660 1638 708 reddit.
1706 659 1943 724 Demptis

114 740 295 800 soleis⁶,
323 740 566 788 odoribus
590 739 878 786 illinuntur
910 737 1076 801 pedes.
1146 737 1391 785 Breviora
1426 737 1615 784 itinera
1650 737 1799 800 equo⁷
1826 752 1946 784 con-

112 817 223 866 ficit
236 833 248 878 ;
291 815 497 880 longior
537 815 627 864 ubi
671 813 930 878 expeditio
967 820 1057 872 est,
1092 813 1355 876 elephanti
1396 813 1600 861 vehunt
1641 828 1869 870 currum,
1896 817 1947 860 et

112 896 381 941 tantarum
418 891 691 940 beluarum
726 906 939 954 corpora
962 892 1073 938 tota
1099 891 1389 954 contegunt
1418 905 1556 937 auro.
1626 891 1705 937 Ac
1729 905 1794 937 ne
1819 889 1946 953 quid

112 969 328 1033 perditis
369 969 602 1017 moribus
640 968 787 1026 desit,
828 967 1023 1015 lecticis
1070 967 1254 1014 aureis¹
1295 966 1555 1029 paelicum
1592 965 1783 1030 longus
1821 965 1946 1014 ordo

114 1047 362 1110 sequitur.
431 1044 678 1093 Feminae
705 1044 882 1108 epulas
905 1046 1106 1108 parant.
1175 1043 1257 1091 Ab
1283 1042 1448 1091 isdem
1479 1043 1659 1090 vinum
1683 1042 1946 1091 ministra-

114 1126 215 1182 tur,
241 1123 323 1187 cuj
334 1138 392 1170 us
418 1123 662 1170 omnibus
688 1121 836 1169 Indis
860 1120 1036 1184 largus
1063 1121 1140 1167 est
1165 1134 1304 1167 usus.

181 1198 308 1258 Quis
334 1197 543 1257 credat-,⁸
568 1199 706 1245 inter
731 1197 857 1246 haec
883 1196 1011 1245 vitia
1037 1211 1216 1244 curam
1242 1210 1347 1243 esse
1373 1194 1694 1258 sapientiae?
1762 1194 1946 1244 Unum

114 1278 312 1340 agreste
349 1278 400 1323 et
434 1274 706 1323 horridum
746 1289 909 1338 genus
946 1276 1036 1331 est,
1063 1272 1209 1336 quos⁹
1236 1271 1492 1335 sapientes
1516 1274 1718 1320 vocant.
1786 1271 1946 1334 Apud

113 1353 208 1401 hos
235 1367 484 1415 occupare
523 1351 616 1399 sati
654 1351 790 1398 diem
825 1349 1124 1414 pulchrum,
1152 1351 1202 1396 et
1226 1349 1370 1396 vivos
1407 1363 1458 1396 se
1494 1347 1710 1396 cremari
1741 1347 1946 1411 jubent,

114 1429 303 1492 quibus
329 1431 420 1476 aut
445 1427 612 1492 segnis
649 1429 786 1475 aetas
812 1431 904 1475 aut
940 1424 1272 1474 incommoda
1299 1424 1541 1473 valetudo
1566 1427 1655 1472 est.
1726 1423 1828 1483 Illi,
1855 1423 1945 1487 qui

115 1506 168 1553 in
209 1505 424 1553 urbibus
461 1504 674 1568 degunt,
702 1503 933 1552 siderum
968 1506 1143 1550 motus
1180 1501 1305 1549 scite
1343 1504 1571 1564 spectare
1608 1500 1861 1548 dicuntur
1895 1502 1946 1548 et

114 1583 294 1631 futura
331 1582 635 1646 praedicere.
728 1581 863 1629 Deos
900 1582 1109 1644 putant,
1150 1579 1408 1643 quidquid
1445 1579 1608 1627 colere
1645 1582 1945 1642 coeperunt,

114 1660 315 1708 arbores
341 1658 580 1717 maxime,
606 1673 732 1722 quas
756 1657 946 1707 violare
971 1657 1114 1705 nefas
1140 1658 1227 1705 est.

181 1739 258 1784 51.
293 1734 591 1783 Alexandro
628 1735 755 1782 fines
791 1733 971 1782 Indiae
1003 1735 1231 1797 ingresso
1257 1731 1496 1796 gentium
1520 1731 1686 1795 reguli
1713 1745 1946 1779 occurre-

116 1816 258 1871 runt,
283 1811 537 1875 imperata
572 1811 777 1870 facturi,
813 1810 967 1858 illum
1001 1808 1218 1857 tertium
1253 1808 1399 1857 Jove¹
1437 1807 1677 1872 genitum
1712 1807 1775 1855 ad
1811 1807 1947 1870 ipsos

117 1888 407 1952 pervenisse
433 1889 806 1948 memorantes3
835 1888 1038 1950 patrem
1061 1885 1307 1933 Liberum
1333 1886 1486 1948 atque
1507 1883 1789 1932 Herculem
1808 1884 1948 1931 fama

115 1964 351 2028 cognitos
392 1979 513 2022 esse,
554 1963 727 2026 ipsum
771 1978 944 2011 coram
997 1962 1169 2010 adesse
1217 1961 1474 2023 cernique.
1568 1961 1677 2008 Rex
1724 1959 1947 2023 benigne

115 2043 354 2103 exceptos
390 2039 533 2103 sequi
564 2039 734 2103 jussit,
759 2038 943 2086 iisdem
977 2037 1228 2085 itinerum
1255 2036 1494 2085 ducibus²
1521 2051 1725 2084 usurus.
1803 2035 1947 2083 Cete-

115 2132 233 2163 rum
271 2131 391 2163 cum
427 2116 652 2179 amplius
680 2131 829 2163 nemo
855 2117 1161 2173 occurreret,
1187 2113 1630 2177 Hephaestionem
1656 2115 1706 2160 et
1742 2112 1947 2160 Perdic-

116 2207 229 2240 cam
256 2208 375 2240 cum
401 2191 667 2255 copiarum
692 2194 836 2254 parte
869 2189 1136 2255 praemisit
1171 2189 1236 2238 ad
1273 2189 1598 2254 subigendos,
1625 2188 1714 2253 qui
1751 2205 1947 2237 aversa-

115 2268 316 2316 rentur³
358 2268 668 2331 imperium3
717 2266 974 2331 jussitque
1016 2265 1082 2314 ad
1122 2266 1316 2314 flumen
1356 2265 1553 2314 Indum
1595 2265 1866 2329 procedere
1896 2269 1947 2314 et

116 2343 324 2408 navigia
348 2345 530 2402 face-ie,
550 2343 738 2407 quibus
759 2346 810 2390 in
833 2342 1080 2391 ulteriora
1101 2342 1440 2405 transportari
1458 2341 1648 2405 posset⁴
1669 2342 1937 2390 exercitus.

115 2419 217 2478 Illi,
243 2420 365 2484 quia
399 2420 568 2483 plura⁵
592 2419 814 2488 fiumina
839 2419 1128 2482 superanda
1153 2423 1316 2478 erant,
1344 2418 1415 2467 sic
1447 2418 1666 2482 junxere
1692 2434 1861 2478 naves,
1886 2422 1948 2467 ut

117 2496 314 2544 solutae
339 2495 586 2558 plaustris
609 2495 726 2544 vehi
751 2497 961 2559 possent
985 2510 1267 2558 rursusque
1293 2494 1558 2558 conjungi.

184 2571 310 2619 Inde
337 2571 534 2619 domita
556 2572 776 2637 ignobili
801 2574 954 2636 gente
980 2571 1063 2619 ad⁶
1089 2572 1286 2634 Nysam
1314 2571 1495 2619 urbem
1520 2570 1774 2635 pervenit.
1846 2570 1947 2630 Qui

93 2647 397 2696 *obsidionis
435 2648 585 2696 malis
623 2647 824 2712 fatigati
851 2647 1087 2696 dedidere
1114 2663 1178 2696 se.
1247 2647 1392 2695 Hinc
1428 2647 1492 2695 ad
1527 2648 1792 2709 regionem
1818 2663 1947 2710 quae

117 2723 345 2772 Daedala
369 2726 597 2783 vocatur,
621 2726 929 2787 perventum
955 2727 1043 2772 est.
1116 2723 1466 2772 Deseruerant
1501 2723 1700 2772 incolae
1726 2723 1867 2771 sedes
1897 2728 1948 2771 et

117 2801 173 2848 in
220 2800 358 2848 avios
406 2800 762 2863 silvestresque
820 2803 1021 2849 montes
1068 2800 1424 2863 confugerant.
1526 2799 1666 2863 Ergo
1725 2799 1948 2847 Acadira

119 2876 321 2934 transit,
342 2891 498 2939 aeque
525 2880 641 2924 usta
666 2880 716 2923 et
740 2875 990 2924 destituta
1013 2875 1359 2924 incolentium
1386 2876 1526 2940 fuga.
1586 2875 1767 2939 Itaque
1793 2875 1948 2922 ratio-

121 2967 239 3000 nem
285 2951 403 2999 belli
445 2950 719 2999 necessitas
761 2952 1000 3000 mutavit.
1069 2951 1263 3000 Divisis
1305 2951 1446 2999 enim
1489 2951 1664 3015 copiis,
1706 2950 1947 3015 pluribus

179 3071 195 3093 ²
211 3072 285 3109 388.
303 3071 347 3104 R.
365 3072 395 3104 3.
461 3071 476 3092 ³
496 3071 566 3109 195,
583 3070 627 3103 R.
645 3073 676 3103 4.
742 3070 757 3093 ⁴
773 3072 846 3110 396,
863 3071 908 3104 R.
927 3072 956 3104 2.
1004 3072 1019 3093 ⁵
1034 3073 1106 3105 407.
1154 3072 1169 3094 ⁸
1185 3073 1256 3105 668.
1315 3071 1331 3093 ⁷
1348 3072 1420 3111 205,
1438 3071 1482 3104 R.
1501 3073 1531 3104 2.
1578 3070 1593 3093 Β
1610 3071 1682 3105 251.
1728 3070 1743 3092 ⁸
1760 3071 1833 3112 616,
1850 3070 1897 3104 R.
1913 3071 1945 3106 ἃ

124 3123 202 3159 51.
231 3124 241 3144 ¹
260 3124 332 3156 395.
388 3123 404 3144 ²
420 3123 492 3157 324.
548 3123 562 3144 ³
580 3124 652 3162 515,
669 3123 713 3156 R.
731 3124 760 3155 3.
818 3123 832 3145 ⁴
849 3124 921 3159 632,
940 3123 983 3157 R.
1040 3123 1056 3145 ⁶
1071 3124 1142 3157 312.
1201 3124 1215 3145 ⁶
1231 3124 1304 3164 410,
1321 3123 1366 3156 R.
1384 3123 1414 3163 2,
1433 3124 1464 3156 3.
