2243 3465
252 176 316 224 44
947 180 1123 218 LATIN
1159 180 1403 217 READER.

254 320 500 378 assuetos,
545 316 707 366 aciem
741 315 977 365 hostium
1020 331 1147 364 auro
1189 329 1523 379 purpuraque
1566 312 1854 377 fulgentem
1900 310 2094 360 intueri

179 449 183 452 ,
255 397 481 461 jubebat,
518 394 764 459 praedam
804 409 906 441 non
935 408 1078 440 arina
1113 395 1420 457 gestantem.
1507 389 1676 438 Irent⁶
1711 392 1764 438 et
1798 389 2097 438 imbellibus

255 473 465 522 seminis
491 487 680 520 aurum
706 470 804 519 viri
835 469 1105 533 eriperent.

324 552 401 597 14.
437 549 561 598 Jam
599 547 664 596 ad
701 547 792 596 teli
824 546 1028 611 jactum
1065 546 1425 610 pervenerant,
1451 559 1572 592 cum
1598 542 1873 591 Persarum
1901 541 2098 605 equites

256 625 496 674 ferociter
521 626 575 673 in
597 625 805 673 laevum
825 639 990 672 cornu
1016 623 1251 671 hostium
1278 620 1474 670 invecti
1501 620 1663 670 sunt.²
1734 619 1875 668 Nam
1900 618 2100 666 Dareus

257 703 481 766 equestri
505 701 701 765 proelio
727 700 1000 749 decernere
1025 700 1246 757 volebat,
1267 699 1583 763 phalangem
1609 694 1934 746 Macedonici
1959 709 2098 742 exer-

258 779 395 828 citus
439 779 600 827 robur
641 793 746 826 esse
790 776 967 825 ratus.2
1053 776 1278 839 Jamque,
1322 774 1480 823 etiam
1524 774 1770 822 dextrum
1810 769 2099 820 Alexandri

259 871 422 904 cornu
449 853 840 903 circumibatur.
913 853 1083 912 Quocr*
1109 853 1200 900 ubi
1223 851 1438 900 Macedo
1465 849 1751 912 conspexit,
1779 848 1982 897 duabus
2008 847 2102 895 alis

259 933 501 996 equitum
527 931 592 979 ad
612 931 804 996 jugum
830 929 1024 978 montis
1044 928 1204 993 jussis
1231 928 1522 987 subsistere,
1552 930 1745 976 ceteros
1780 926 1836 974 in
1869 924 2103 973 medium

259 1008 382 1058 belli
422 1007 699 1057 discrimen
741 1011 948 1055 strenue
996 1005 1254 1054 transfert.
1341 1004 1654 1054 Comminus
1697 1002 1897 1052 collatis
1942 1001 2105 1066 signis

261 1086 393 1133 duae
426 1086 559 1133 acies
595 1084 670 1132 ita
696 1083 1058 1142 cohaerebant,
1084 1086 1146 1130 ut
1170 1081 1329 1130 armis
1353 1097 1497 1130 arma
1520 1081 1805 1144 pulsarent,
1831 1093 2106 1127 mucrones

260 1162 317 1210 in
345 1178 432 1211 ora
458 1161 758 1226 dirigerent.
830 1159 1031 1209 Collato
1067 1159 1211 1223 pede,
1238 1157 1384 1222 quasi
1423 1157 1619 1222 singuli
1656 1157 1796 1205 inter
1821 1172 1872 1204 se
1899 1154 2108 1203 dimica

261 1239 413 1298 rent,4
440 1238 494 1286 in
521 1238 700 1286 eodem
725 1236 943 1301 vestigio
971 1237 1195 1296 stabant,
1223 1235 1388 1283 donec
1413 1234 1671 1283 vincendo
1696 1234 1871 1282 locum
1899 1231 1996 1280 sibi
2034 1231 2109 1279 fa-

264 1315 490 1377 cerent35
515 1318 633 1363 tum
669 1314 882 1362 demum
915 1313 1292 1377 promovebant
1330 1311 1568 1376 gradum,
1597 1326 1719 1359 cum
1752 1310 1955 1358 hostem
1991 1323 2105 1371 pro-

265 1392 586 1441 straverant.¹
639 1391 710 1439 At
729 1391 845 1439 illos
867 1406 1035 1438 novus
1055 1389 1345 1452 excipiebat
1364 1388 1689 1436 adversarius
1710 1386 1983 1451 fatigatos3
2014 1399 2110 1433 nec

263 1468 541 1528 vulnerati,
569 1472 629 1516 ut
664 1467 790 1516 alias
827 1468 1011 1526 solent,
1049 1466 1176 1515 acie⁶
1210 1467 1456 1530 poterant
1493 1464 1751 1522 excedere,
1786 1478 1908 1512 cum
1943 1461 2109 1510 hostis

264 1546 487 1595 instaret
511 1546 557 1594 a⁷
584 1546 771 1603 fronte,
800 1561 830 1593 a
864 1549 1008 1608 tergo
1034 1542 1132 1592 sui⁸
1160 1553 1424 1607 urgerent.
1494 1541 1793 1590 Alexander
1829 1556 1936 1588 non
1959 1537 2111 1601 ,ducis

265 1624 447 1688 magis,
473 1623 649 1688 quam⁹
684 1621 870 1670 militis
906 1622 1091 1669 munia
1126 1619 1517 1683 exsequebatur,
1556 1618 1729 1682 opima
1766 1616 1929 1681 spolia
1966 1630 2111 1664 caeso

267 1717 384 1766 rege
421 1701 676 1763 expetens.
766 1698 1049 1746 Eminebat
1085 1697 1286 1745 Dareus
1323 1711 1481 1744 curru
1518 1693 1771 1744 sublimis.
1843 1693 1961 1742 Cui³
1989 1708 2112 1741 cum

268 1777 633 1827 Alexandrum
669 1776 864 1824 instare
901 1776 1059 1823 frater
1096 1773 1354 1822 Oxathres
1393 1773 1640 1831 cerneret,
1680 1770 1892 1836 equites,
1919 1769 2112 1834 quibus

267 1863 516 1920 praeerat,
542 1856 662 1901 ante
687 1852 861 1916 ipsum
888 1867 1103 1900 currum
1128 1851 1263 1915 regis
1289 1849 1493 1914 objecit.
1562 1848 1638 1897 At
1671 1847 1994 1906 Macedones,
2022 1845 2113 1910 qui

271 1932 408 1981 circa
444 1947 616 1994 regem
654 1932 817 1988 erant,
855 1939 1041 1977 mutua
1077 1927 1442 1977 adhortatione
1483 1924 1677 1974 firmati
1715 1940 1835 1973 cum
1873 1923 2020 1987 ipso¹⁰
2057 1923 2114 1970 in

271 2010 509 2073 equitum
552 2023 739 2072 agmen
780 2006 1100 2069 irrumpunt.
1187 2005 1323 2052 Tum
1367 2019 1486 2051 vero
1528 2002 1713 2066 ingens
1756 2004 1950 2065 strages
1991 2002 2114 2048 erat.

274 2086 426 2135 Circa
467 2099 682 2133 currum
724 2082 880 2131 Darei
918 2082 1163 2146 jacebant
1204 2080 1516 2130 nobilissimi
1560 2079 1731 2137 duces,
1775 2081 1897 2126 ante
1939 2075 2117 2125 oculos

272 2162 405 2226 regis
432 2160 634 2225 egregia
670 2164 836 2208 morte
863 2159 1115 2217 defuncti,
1142 2158 1354 2207 adverso
1379 2158 1587 2220 pectore
1612 2154 1918 2204 vulneribus
1942 2168 2118 2215 accep·

273 2240 371 2300 tis3
421 2238 558 2286 circa
599 2252 682 2287 eos
726 2237 996 2284 cumulata
1038 2238 1149 2283 erat
1188 2234 1429 2298 peditum
1472 2233 1812 2297 equitumque
1854 2229 2119 2278 obscurior

274 2316 445 2364 turba.
517 2312 867 2361 Macedonum
893 2327 1097 2375 quoque
1134 2327 1240 2358 non
1268 2310 1481 2374 quidem
1518 2308 1691 2367 multi,
1719 2307 1805 2356 sed
1840 2306 2119 2371 promptis·

277 2392 394 2441 simi
420 2393 595 2438 tamen
623 2389 754 2438 caesi
791 2395 944 2449 sunt3
983 2386 1269 2436 Alexandri
1305 2387 1551 2435 dextrum
1586 2385 1758 2432 femur
1794 2383 1974 2431 leviter
2000 2399 2116 2430 mu-

277 2483 431 2517 crone
471 2466 808 2530 perstrictum
845 2468 934 2513 est.
1016 2464 1242 2528 Jamque
1285 2464 1372 2526 qui
1416 2461 1648 2510 Dareum
1684 2460 1943 2509 vehebant
1985 2459 2119 2524 equi,

278 2545 499 2595 confossi
528 2543 691 2592 hastis
716 2545 767 2591 et
792 2542 965 2590 dolore
991 2540 1202 2599 efferati,
1219 2539 1409 2604 jugum
1430 2541 1640 2603 quatere
1666 2540 1718 2586 et
1743 2553 1915 2602 regem
1942 2535 2120 2584 curru⁰

279 2624 518 2671 excutere
543 2622 830 2683 coeperant,
859 2634 981 2667 cum
1017 2618 1104 2665 ille
1128 2616 1358 2675 veritus,²
1385 2632 1451 2663 ne
1476 2615 1626 2665 vivus
1654 2614 1888 2662 veniret¹¹
1914 2612 1970 2660 in
2006 2613 2121 2660 hos-

280 2699 414 2746 tium
442 2698 768 2761 potestatem,
796 2694 985 2743 desilit¹
1014 2698 1066 2742 et
1101 2693 1157 2741 in
1183 2709 1391 2758 equum,
1419 2691 1509 2756 qui
1535 2691 1600 2739 ad
1626 2691 1724 2739 hoc
1750 2690 1922 2754 ipsum
1949 2705 2123 2752 seque-

281 2775 451 2832 batur,
477 2771 786 2835 imponitur,
807 2770 1103 2835 insignibus
1129 2769 1347 2833 imperii,
1367 2784 1433 2816 ne
1458 2768 1637 2832 fugam
1663 2768 1959 2831 proderent,
1979 2764 2123 2812 inde-

283 2866 399 2898 core.
435 2848 668 2912 abjectis.
741 2847 879 2895 Tum
907 2863 1025 2896 vero
1053 2847 1208 2895 ceteri
1245 2845 1570 2908 dissipantur
1605 2847 1670 2902 et,
1697 2859 1800 2907 qua
1836 2842 2022 2904 cuique
2059 2840 2119 2889 ad

285 2927 464 2990 fugam
491 2925 703 2988 patebat
727 2924 825 2983 via,
846 2923 1002 2972 armis
1029 2922 1244 2987 abjectis
1270 2925 1573 2984 erumpunt.
1642 2918 1942 2968 Alexander
1961 2917 2119 2966 victor

287 3002 514 3050 instabat
539 3000 876 3065 fugientibus.
952 2999 1113 3048 Haud
1139 2999 1362 3063 amplius
1388 3013 1560 3061 regem
1581 3012 1738 3060 quam
1763 2994 1904 3043 mille
1926 2994 2125 3058 equites

349 3127 364 3148 ⁸
380 3128 452 3159 655.
584 3127 605 3160 1
617 3126 664 3160 4.
693 3127 703 3147 ¹
723 3126 796 3159 582.
855 3125 871 3147 2
889 3125 963 3164 278,
983 3125 1025 3158 R.
1088 3124 1101 3146 ³
1118 3125 1190 3157 612.
1251 3123 1266 3146 ⁴
1284 3124 1355 3156 604.
1417 3122 1433 3144 ⁸
1447 3122 1520 3156 574.
1581 3121 1596 3142 ⁶
1612 3121 1685 3155 388.
1745 3120 1760 3141 ⁷
1777 3120 1850 3159 388,
1867 3119 1912 3152 R.
1930 3119 1961 3152 2.
2021 3117 2035 3138 Ε
2052 3116 2124 3150 684.

320 3179 393 3218 647,
411 3178 455 3211 R.
473 3179 504 3211 5.
567 3178 599 3200 ²⁰
617 3179 690 3218 297,
711 3178 755 3210 R.
775 3179 804 3210 1.
867 3177 896 3198 ¹¹
915 3177 987 3209 552.
