2243 3465
270 199 332 246 92
969 207 1143 245 LATIN
1179 208 1421 243 READER.

269 343 460 400 terunt,
480 341 683 404 rarique
702 355 752 388 se
769 339 1035 388 ostendere
1055 341 1106 388 et.
1129 339 1299 387 lenius
1319 354 1472 402 quam
1494 337 1658 401 pridie
1680 339 1884 386 nostros
1903 337 2102 402 equites

268 417 461 479 proelio
504 417 746 465 lacessere
788 419 1085 477 coeperunt.
1159 415 1258 464 Sed
1302 413 1528 473 meridie,
1555 430 1673 462 cum
1722 413 1903 462 Caesar
1942 415 2103 477 pabu-

268 492 412 540 landi
451 508 603 540 causa
637 496 740 540 tres
776 492 1002 557 legiones
1051 482 1206 555 atque
1243 506 1450 538 omnem
1488 489 1781 554 equitatum
1818 505 1937 537 cum
1976 489 2102 538 Gaio

269 568 527 617 Trebonio
554 568 723 633 legato
750 569 985 627 misisset,
1008 569 1216 631 repente
1243 583 1304 614 ex
1331 566 1575 614 omnibus
1600 566 1834 629 partibus
1860 566 1923 613 ad
1950 566 2104 628 pabu-

267 645 456 694 latores
481 645 870 704 advolaverunt,
900 645 972 692 sic
999 644 1133 692 1111223
1159 644 1222 691 ab
1259 642 1420 707 signis
1458 642 1850 706 legionibusque
1875 658 1979 689 non
2019 643 2104 690 ab·

268 721 521 769 sisterent.
618 721 800 770 Nostri
844 721 1031 769 acriter
1065 720 1120 768 in
1160 735 1243 768 eos
1276 719 1477 782 impetu
1515 718 1707 766 sacto²³⁴
1746 717 2104 781 reppulerunt,

266 813 433 861 neque
482 799 641 846 finem
701 797 946 861 sequendi
995 798 1231 845 fecerunt
1289 795 1517 859 quoad²³⁵
1576 794 1863 843 51111511110236
1923 794 2104 842 confisi

266 874 480 936 equites,
507 889 628 922 cum
665 878 783 937 post
818 889 867 922 se
903 873 1131 937 legiones
1170 872 1419 930 viderent,
1445 872 1753 935 praecipites
1788 871 1961 918 hostes
1994 887 2105 935 ege-

265 955 405 1008 runt,
423 966 715 1013 magnoque
736 965 913 997 eorum
936 965 1156 997 numero
1176 949 1464 1007 interfecto,
1482 964 1648 1011 neque
1669 948 1746 996 sui
1769 947 2104 1011 colligendi²³⁷

265 1042 430 1089 neque
457 1025 776 1074 consistendi
811 1025 961 1074 aut²³⁶¹
987 1041 1048 1073 ex
1084 1024 1273 1072 essedis
1311 1024 1582 1073 desiliendi
1616 1024 1923 1073 facultatem
1956 1024 2106 1072 dede-

266 1108 412 1150 runt.
482 1103 563 1150 Ex
593 1103 688 1150 hac
715 1103 840 1167 suga
863 1102 1106 1165 protinus
1126 1118 1256 1166 quae
1275 1101 1505 1166 undique
1527 1103 1880 1150 convenerant
1899 1101 2095 1149 auxilia

266 1179 626 1239 discesserunt,
649 1196 813 1243 neque
830 1182 947 1242 post
964 1179 1015 1227 id
1032 1183 1238 1242 tempus
1258 1179 1566 1243 umquam²³⁹
1586 1176 1804 1227 summis
1821 1177 2096 1225 nobiscum

265 1256 424 1320 copiis
453 1258 622 1305 hostes
648 1257 1048 1305 contenderunt.

323 1330 527 1379 XVIII.
567 1332 752 1381 Caesar
789 1333 1000 1398 cognito
1038 1334 1251 1382 consilio
1290 1350 1468 1382 eorum
1506 1333 1570 1382 ad
1615 1334 1812 1381 flumen
1850 1334 2094 1382 Tamesin

256 1408 311 1456 in
349 1408 533 1456 fines²⁴⁰
573 1408 949 1458 Cassivellauni
987 1411 1275 1459 exercitum
1313 1411 1480 1470 duxit,
1517 1411 1654 1474 quod
1694 1401 1950 1458 fiuinen²⁴¹
1990 1427 2095 1459 uno

256 1485 472 1533 omnino
497 1485 665 1534 loco²⁴²
691 1485 968 1549 11011111115243
994 1490 1149 1550 atque
1174 1487 1329 1535 hoc²⁴⁴
1357 1497 1504 1551 aegre
1532 1487 1740 1535 transiri
1767 1491 1952 1550 potest.
2018 1487 2096 1536 Eo

256 1577 377 1610 cum
424 1562 659 1621 venisset,
709 1562 949 1611 animum
997 1563 1221 1611 advertit
1267 1563 1331 1611 ad
1381 1563 1597 1612 alteram
1645 1562 1880 1611 fluminis
1928 1564 2096 1627 ripam

256 1654 472 1703 magnas
498 1654 602 1687 esse
630 1639 802 1702 copias
838 1639 1069 1687 hostium
1105 1640 1420 1688 instructas:
1457 1640 1569 1703 ripa
1594 1642 1768 1687 autem
1796 1643 1905 1687 erat
1930 1640 2097 1688 acutis

256 1715 472 1763 sudibus
508 1715 847 1779 praefixisque
873 1716 1096 1774 munita,
1124 1716 1458 1780 ejusdemque
1484 1715 1686 1780 generis
1723 1716 1817 1763 sub
1843 1732 1978 1779 aqua
2014 1715 2097 1765 de-

255 1792 383 1839 fixae
405 1791 556 1839 sudes
582 1791 800 1840 flumine
821 1793 1144 1857 tegebantur.
1215 1792 1314 1840 His
1342 1792 1554 1841 rebus²⁴¹5
1575 1791 1800 1856 cognitis
1825 1808 1854 1840 a
1879 1792 2098 1855 captivis

255 1867 588 1932 perfugisque
617 1867 801 1916 Caesar
824 1868 1102 1932 praemisso
1129 1868 1366 1932 equitatu
1405 1868 1683 1917 confestim
1719 1867 1947 1932 legiones
1973 1869 2096 1916 sub-

257 1944 398 2007 sequi
420 1944 591 2008 jussit.
665 1943 765 1993 Sed
791 1960 847 1993 ea
874 1944 1135 1993 celeritate
1162 1950 1317 2009 atque
1352 1961 1409 1993 eo
1446 1946 1647 2008 1111110111
1674 1944 1868 1992 milites
1901 1944 2095 2004 ierunt,

310 2100 450 2140 XVII.
472 2098 527 2120 '²³³
550 2099 626 2138 Sic
646 2100 716 2138 uti
737 2112 830 2139 11011
851 2099 1148 2140 absisterent:
1246 2099 1297 2120 ²³⁶
1320 2099 1560 2139 Subsidio:
1610 2099 1821 2139 Ablative
1859 2112 1909 2138 or
1944 2099 2094 2139 dative

257 2153 312 2193 So
333 2155 427 2194 that
447 2154 543 2205 they
561 2154 653 2205 (the
672 2155 848 2205 enemy)
866 2155 943 2194 did
963 2158 1036 2194 ποι
1057 2158 1148 2204 stop
1192 2154 1303 2193 with
1324 2153 1500 2193 confisi.
1561 2154 1611 2194 G.
1635 2154 1726 2199 345,
1751 2154 1800 2193 R.
1828 2154 1865 2193 2.

254 2209 373 2248 short
411 2209 463 2259 of
494 2209 560 2258 (G.
593 2208 701 2258 556).
787 2208 911 2247 More
950 2208 1143 2254 natural,
1246 2208 1298 2229 2³⁷
1323 2208 1402 2247 Sui
1441 2207 1717 2258 colligendi:
1769 2207 1848 2246 Sui
1886 2207 1924 2246 is
1958 2212 2035 2245 not
2069 2219 2096 2245 a

256 2263 323 2301 sic
347 2262 415 2300 uti
442 2262 727 2311 absisterent,
757 2267 828 2312 yet
858 2275 901 2301 80
931 2263 1023 2302 that
1053 2262 1149 2311 they
1191 2263 1340 2312 plural
1356 2264 1478 2302 buta
1496 2270 1654 2301 neuter
1671 2262 1936 2312 possessive,
1954 2260 2094 2299 hence

257 2316 332 2355 did
351 2320 441 2366 8602)
462 2316 580 2355 short
600 2317 651 2367 of
671 2315 752 2366 (sic
784 2317 1034 2355 restrictive
1056 2317 1148 2354 like
1192 2320 1269 2354 not
1304 2317 1685 2367 colligendorum,
1720 2316 1827 2366 482,
1861 2314 1969 2353 643.
2037 2315 2102 2356 (11.Δ

254 2369 329 2418 ita,
346 2370 467 2416 oxi„
489 2371 590 2408 177.
629 2370 679 2410 G.
694 2370 787 2417 556,
806 2370 854 2408 R.
871 2371 925 2417 5).
964 2370 1147 2409 Others:
1192 2370 1285 2415 429,
1312 2371 1361 2410 R.
1387 2371 1422 2411 1.

255 2424 402 2463 sicubi
435 2424 722 2474 absisterent,
753 2437 810 2463 50.
838 2424 1145 2474 pabulatores,
1247 2424 1299 2444 ‘²³²³
1319 2425 1488 2474 Neque
1503 2447 1558 2453 —
1573 2435 1726 2472 neque
1739 2445 1794 2451 —-
1810 2425 1888 2460 aut
1909 2435 1918 2462 z
1994 2423 2094 2460 Aut

255 2478 343 2516 and
362 2478 574 2517 translate
595 2478 752 2528 sicubi,
766 2478 983 2518 whenever
999 2482 1044 2517 ac
1060 2490 1149 2528 any
1193 2491 1346 2518 serves
1367 2484 1413 2517 to
1436 2478 1674 2518 subdivide
1695 2476 1772 2516 the
1795 2476 1957 2517 second
1986 2489 2092 2527 neg-

254 2533 389 2583 point.
453 2532 502 2571 G.
525 2533 618 2577 569,
640 2532 689 2571 R.
749 2532 858 2571 This
881 2532 1030 2571 would
1052 2536 1145 2571 nat—
1192 2534 1326 2579 ative,
1354 2532 1457 2571 341.
1516 2532 1567 2572 G.
1594 2531 1687 2571 444.

256 2586 404 2636 urally
443 2587 619 2636 require
658 2586 939 2624 advolabant
976 2587 1023 2625 in
1071 2587 1149 2626 the
1247 2586 1298 2606 ²³⁹
1322 2588 1491 2635 Neque
1512 2597 1754 2634 umquam:
1787 2584 1843 2624 So
1864 2584 2093 2635 regularly

256 2640 384 2678 other
414 2640 574 2679 clause.
638 2640 871 2679 Translate
901 2640 1066 2688 rather,
1101 2642 1150 2679 in,
1192 2641 1279 2679 and
1302 2646 1378 2679 not
1399 2644 1445 2679 et
1465 2650 1729 2689 numquam.
1787 2639 1838 2678 G.
1865 2639 1959 2684 482,
1980 2637 2030 2677 R.
2053 2638 2091 2677 3.

255 2706 347 2733 case
373 2694 469 2744 they
489 2694 641 2733 should
669 2698 849 2744 attempt
875 2698 915 2733 to
936 2695 1051 2734 leave
1081 2695 1150 2734 the
1248 2694 1411 2734 XVIII.
1433 2694 1479 2714 ‘²⁴⁰
1503 2694 1584 2733 Ad
1613 2693 1785 2731 flumen
1809 2691 2024 2731 'ramesia
2044 2690 2093 2729 in

255 2747 342 2786 Ivlmt
378 2751 422 2787 at
454 2760 544 2799 any
571 2748 712 2798 point,
739 2761 772 2788 0.
796 2749 909 2793 xliii,
931 2749 1038 2789 530.
1096 2749 1147 2789 G.
1191 2747 1331 2788 fines:
1367 2749 1413 2789 C.
1435 2749 1512 2795 iii.,
1539 2750 1612 2787 70.
1671 2748 1721 2787 G.
1749 2747 1841 2793 410,
1867 2745 1918 2786 R.
1941 2747 1978 2786 5.

254 2802 348 2845 462,
375 2801 424 2841 R.
1246 2803 1295 2823 ²⁴¹
1315 2803 1453 2851 Quod
1486 2801 1681 2842 flumen:
1731 2801 1777 2841 C.
1810 2801 1871 2848 ii„
1896 2801 1973 2838 40.
2040 2799 2092 2840 G.

309 2855 357 2874 ‘²³⁴¹
377 2854 569 2893 Acriter
619 2855 796 2904 impetu
850 2854 1000 2896 facto:
1077 2855 1150 2908 By
1193 2858 1284 2897 617.

255 2909 435 2958 multius]
456 2922 483 2948 a,
503 2909 703 2960 viyorous
723 2910 889 2960 chame.
949 2911 1000 2950 G.
1027 2911 1119 2951 409.
1246 2911 1292 2931 ²⁴²²
1312 2911 1420 2949 Uno
1458 2911 1590 2950 1000:
1645 2910 1701 2947 In
1740 2908 1866 2947 often
1905 2906 2092 2945 omitted

309 2962 360 2982 ²³⁶
383 2963 548 3012 Neque
567 2962 1149 3014 fecerunt—quoad—ege.
1194 2964 1301 3003 with
1323 2964 1438 3014 1000,
1460 2965 1568 3019 405,
1593 2964 1700 3002 610.
1758 2963 1808 3002 G.
1835 2962 1928 3008 385,
1956 2960 2004 3000 R.

254 3019 383 3055 runt:
414 3018 542 3055 After
559 3019 1149 3068 a11egative,quoad,until,
1246 3019 1294 3038 ‘²⁴³
1315 3018 1544 3057 Pedibus:
1576 3018 1620 3056 C.
1645 3018 1691 3063 i.,
1711 3016 1786 3055 27.
1843 3015 1894 3054 G.
1916 3014 2010 3061 401,
2037 3014 2092 3054 R.

257 3070 342 3108 and
373 3069 451 3108 the
472 3070 579 3117 like,
605 3071 836 3122 generally
859 3072 964 3109 take
985 3072 1062 3111 the
1083 3073 1147 3111 in-
1245 3072 1292 3092 ‘2⁴⁴
1315 3072 1472 3121 Atque
1500 3071 1590 3109 hoc
1618 3081 1779 3120 aegre:
1811 3069 1921 3107 Like
1952 3071 2093 3116 atque

257 3124 449 3162 (licative
471 3125 624 3163 unless
644 3124 771 3163 there
804 3126 841 3163 is
870 3138 896 3162 a
927 3126 1079 3165 notion
1101 3127 1151 3165 of
1192 3126 1254 3177 id,
1276 3139 1309 3165 e.
1332 3126 1373 3169 i.,
1396 3127 1465 3164 17.
1522 3126 1571 3164 G.
1596 3124 1688 3170 293,
1715 3123 1765 3162 R.
1788 3123 1824 3162 2.

257 3188 450 3228 purpose
472 3191 520 3217 or
541 3191 768 3229 suspense.
827 3179 875 3218 G.
899 3179 991 3219 573.
1247 3179 1295 3200 ²⁴¹³
1317 3180 1503 3219 Rebus:
1534 3179 1585 3218 G.
1608 3178 1701 3222 195.
1723 3177 1773 3216 R.
1795 3176 1833 3217 4.
