2243 3465
299 168 363 219 72
998 183 1172 222 LAT1N
1209 186 1449 222 READER.

297 312 523 362 extendi.
581 313 817 380 Cumque
836 317 1154 380 profluvium
1180 317 1570 366 medicamentis
1598 318 1796 367 frustra
1816 319 2128 381 inhiberent,

297 389 491 438 clamor
511 389 665 439 simul
691 394 844 455 atque
869 394 1100 456 ploratus
1126 396 1412 442 amicornm
1433 393 1638 453 oritur,⁴¹
1661 411 1832 458 regem
1852 396 2132 458 exspirasse

298 465 636 514 credentium.
708 468 944 517 Tandem
980 470 1217 518 constitit
1254 469 1460 533 sanguis
1503 471 1860 534 paulatimque
1896 473 2132 520 animum

297 543 507 605 recepit.
585 543 693 592 Rex
732 550 928 609 septem
965 545 1145 594 diebus
1183 549 1363 594 curato
1399 546 1613 594 vulnere
1649 546 1875 595 necdum
1899 547 2135 612 ,obducta

299 618 553 677 cicatrice,
582 619 786 669 duobus
825 621 1046 686 navigiis
1081 622 1297 685 junctis,
1337 622 1495 670 statui
1537 621 1591 669 in
1629 622 1861 670 medium
1901 623 2133 686 undique

299 694 642 757 conspicuum
677 697 1075 745 tabernaculum
1113 698 1285 762 jussit,
1322 713 1383 745 ex
1421 713 1523 762 quo
1560 713 1611 746 se
1648 698 1958 747 ostenderet⁵
1994 716 2133 747 exer-

298 770 441 818 citui.

367 849 444 897 57.
490 846 700 895 Cratero
726 846 911 896 deinde
935 847 1157 911 imperat
1182 865 1285 909 rex,
1311 853 1372 897 ut
1395 849 1536 898 haud
1560 849 1757 913 procuP
1785 865 1935 898 amne
1962 850 2134 914 copias

299 922 523 978 duceret,
566 923 675 987 ipse
719 924 944 972 secundo
991 924 1210 973 flumine
1258 925 1548 974 devehitur.
1651 926 1736 974 Ad
1785 926 2133 975 confluentem

297 998 535 1047 Acesinis
571 1001 623 1047 et
657 999 778 1047 Indi
815 1000 1004 1064 oppido
1041 1001 1266 1059 condito,
1298 1001 1437 1065 quod
1471 1002 1848 1050 Alexandriam
1886 1003 2132 1066 appellari

295 1073 530 1139 jusserat,
555 1076 684 1124 fines
710 1092 901 1133 eorum,
930 1076 1019 1140 qui
1046 1077 1309 1126 Musicani
1335 1078 1681 1142 appellantur,
1706 1078 1937 1127 intravit.
2009 1079 2134 1138 Qui-

296 1151 393 1199 bus
442 1150 495 1199 in
547 1151 804 1200 dicionem
853 1152 1075 1201 redactis
1123 1152 1240 1201 urbi
1289 1170 1466 1202 eorum
1526 1154 1840 1218 praesidium
1898 1155 2136 1218 imponit.

299 1226 483 1275 Paucis
508 1227 693 1276 deinde
719 1228 898 1277 diebus
925 1229 1150 1278 secundo
1175 1246 1327 1278 amne
1351 1231 1589 1293 pervenit
1613 1230 1678 1278 ad
1703 1230 1968 1294 oppidum,
1996 1231 2130 1295 quod

296 1302 348 1351 in
379 1319 536 1368 regno
564 1308 672 1352 erat
704 1304 896 1353 Sambi.
968 1305 1170 1354 Proelio
1197 1305 1323 1355 victi
1360 1306 1562 1354 barbari
1600 1323 1651 1354 se
1685 1306 1822 1370 ipsos
1848 1308 2133 1371 urbemque

299 1379 625 1428 dediderunt.
698 1379 794 1428 Sed
821 1397 940 1441 non,
962 1385 1022 1429 ut
1046 1382 1216 1445 prima
1240 1382 1405 1445 specie
1430 1382 1564 1430 laeta
1587 1381 1819 1442 victoria,
1845 1383 1919 1431 ita
1943 1386 2132 1431 eventu

299 1472 502 1520 quoque
537 1456 668 1517 fuit3
705 1457 909 1505 barbari
945 1457 1086 1505 enim
1112 1474 1309 1507 veneno
1346 1458 1616 1507 tinxerant
1651 1458 1862 1522 gladios.
1952 1459 2135 1522 Itaque

299 1532 461 1580 saucii
491 1531 710 1580 subinde
735 1533 1082 1596 exspirabant,
1108 1549 1203 1583 nec
1229 1550 1382 1583 causa
1419 1539 1527 1582 tam
1565 1543 1804 1583 strenuae
1839 1535 2022 1584 mortis
2051 1553 2131 1584 ex-

298 1607 515 1671 cogitari
550 1611 753 1671 poterat
777 1625 806 1657 a
831 1609 1061 1668 medicis,
1088 1626 1209 1658 cum
1239 1611 1395 1658 etiam
1433 1611 1568 1659 leves
1604 1611 1784 1675 plagae
1820 1611 2135 1661 insanabiles

298 1688 479 1732 essent.
558 1684 619 1732 In
653 1701 754 1748 quo
793 1685 986 1748 proelio
1025 1686 1356 1735 Ptolomaeus
1394 1686 1663 1735 familiaris
1701 1687 1834 1751 regis
1874 1703 1994 1736 cum
2033 1688 2133 1736 telo

296 1761 552 1809 venenato
578 1760 714 1809 ictus
740 1766 869 1809 esset
906 1777 1064 1825 eoque
1090 1762 1303 1810 vulnere
1341 1779 1545 1811 summo
1572 1778 1691 1811 eum
1717 1763 1889 1811 dolore
1915 1780 2133 1811 morere-

297 1840 398 1895 tur,
424 1837 719 1884 Alexander
743 1837 971 1886 assidens
997 1854 1176 1886 somno
1203 1842 1280 1887 est
1306 1838 1618 1901 consopitus.
1678 1839 1817 1886 Tum
1843 1838 2132 1888 secundum

296 1913 524 1976 quietem
565 1913 706 1961 visus
748 1914 792 1961 ei
835 1913 1027 1961 dicitur
1070 1914 1221 1962 draco
1263 1914 1552 1962 radiculam
1590 1931 1675 1963 ore
1717 1915 1848 1962 ferre
1889 1917 1940 1962 et
1976 1916 2132 1963 simul

297 1989 481 2049 dicere,
507 2005 608 2052 quo
651 1989 741 2038 illa
783 1989 895 2037 loco
937 1992 1469 2054 nasceretur—neque
1506 1990 1547 2039 is
1585 1991 1737 2054 longe
1775 1991 1950 2039 aberat
1985 1992 2048 2039 ab
2073 2007 2131 2039 eo

297 2066 588 2129 loco—ejus
621 2069 794 2113 autem
822 2082 925 2114 esse
951 2066 1058 2113 vim
1083 2068 1300 2126 tantam,
1328 2069 1389 2114 ut
1425 2066 1787 2114 Ptolomaeum
1812 2067 1961 2115 facile
1986 2083 2132 2116 sana-

295 2144 387 2190 ret.
459 2141 591 2190 Cum
632 2142 930 2190 Alexander
971 2147 1298 2205 experrectus
1340 2152 1598 2191 narrasset
1635 2142 1814 2191 amicis
1855 2143 2132 2203 somnium,

297 2218 468 2266 emissi
507 2219 647 2277 sunt,
686 2217 776 2281 qui
812 2218 958 2265 illam
994 2219 1284 2266 radiculam
1322 2223 1626 2282 quaererent
1647 2237 1658 2277 ;
1698 2235 1800 2282 qua
1834 2218 2048 2268 inventa
2084 2221 2135 2268 et

298 2293 624 2342 Ptolomaeus
651 2296 860 2342 sanatus
881 2297 957 2342 est
976 2297 1027 2342 et
1053 2293 1208 2342 multi
1233 2294 1440 2353 milites,
1463 2295 1551 2358 qui
1578 2298 1726 2342 erant
1746 2294 1923 2343 eodem
1947 2311 2133 2358 genere

297 2369 387 2418 teli
414 2369 688 2418 vulnerati.

365 2449 441 2494 58.
479 2446 716 2494 Ducibus
741 2444 930 2494 deinde
955 2446 1178 2509 sumptis
1203 2446 1388 2494 amnis¹
1415 2445 1609 2509 peritis,
1636 2445 1856 2494 defluxit
1890 2445 1955 2494 ad
1987 2446 2129 2494 insu-

297 2521 402 2570 lam
427 2521 614 2570 medio²
640 2522 800 2569 ferme
826 2521 969 2570 alveo
997 2526 1218 2570 enatam.
1280 2522 1360 2570 Ibi
1387 2522 1587 2571 diutius
1611 2522 1884 2570 subsistere
1906 2526 2130 2585 coactus,

298 2598 420 2662 quia
445 2598 600 2646 duces
635 2597 897 2646 socordius
926 2598 1169 2646 asservati
1205 2598 1562 2662 profugerant,
1589 2597 1746 2657 misit,
1775 2598 1883 2662 qui³
1921 2599 2134 2663 conqui-

297 2677 472 2722 rerent
497 2674 622 2722 alios
638 2690 650 2734 3
687 2689 782 2722 nec
808 2674 1040 2737 repertis,
1065 2673 1320 2737 pervicaci
1346 2674 1592 2737 cupidine
1618 2674 1835 2723 visendi⁴
1867 2674 2132 2723 Oceanum

298 2750 626 2812 adeundique
665 2750 916 2798 terminos
960 2749 1147 2797 mundi
1190 2752 1495 2806 commotus,
1541 2750 1650 2798 sine
1691 2749 1914 2814 regionis
1954 2750 2133 2814 peritis

298 2825 504 2873 flumini
547 2825 726 2888 ignoto
769 2840 819 2873 se
858 2826 1110 2888 permisit.
1178 2826 1512 2890 Navigabant
1554 2825 1714 2890 igitur
1753 2827 2006 2885 omnium,
2043 2842 2134 2889 per

299 2917 428 2964 quae
449 2901 760 2959 ferebantur,
783 2900 968 2965 ignari.
1026 2901 1149 2950 ‹Jam
1170 2901 1553 2966 quadringenta
1578 2901 1741 2949 stadia
1765 2906 2132 2965 processerant,

300 2992 420 3024 cum
461 2977 828 3041 gubernatores
870 2992 1147 3041 agnoscere
1184 2992 1235 3026 se
1271 2993 1451 3026 auram
1488 2977 1643 3026 maris
1678 2980 1729 3026 et
1768 2977 1908 3026 haud
1948 2977 2128 3041 procul

362 3146 378 3169 ⁴
394 3147 466 3188 281,
484 3146 573 3180 Exc.
591 3147 621 3181 2.
668 3147 683 3168 ⁶
698 3148 771 3181 632.
902 3147 978 3184 57.
1008 3148 1019 3169 ¹
1037 3148 1110 3184 418,
1129 3148 1172 3181 R.
1302 3148 1380 3184 58.
1401 3149 1419 3181 ‚¹
1438 3149 1510 3181 373.
1556 3148 1571 3169 ²
1588 3148 1659 3188 287,
1678 3147 1721 3180 R.
1737 3147 1767 3180 2.
1814 3147 1828 3168 ³
1845 3147 1916 3180 623.
1963 3147 1977 3168 ⁴
1995 3148 2066 3181 429.
