2243 3465
244 148 311 196 54
480 185 483 188 .
936 156 1112 196 LATIN
1147 158 1391 195 READER.

244 290 564 357 fugientium
600 289 782 350 victor,
810 305 927 339 cum
965 306 994 340 a
1030 291 1369 340 Parmenione
1411 291 1576 341 tristis
1617 292 1839 342 nuntius
1880 292 2078 354 venit,¹‘

245 368 514 416 Mazaeum
557 383 678 416 cum
720 366 864 415 omni
907 383 1121 416 suorum
1161 368 1397 432 equitatu
1437 369 1770 418 vehementer
1810 370 2077 419 invectum

244 460 425 509 urgere
469 443 817 492 Macedonum
864 443 1004 504 alas3
1059 443 1271 508 jamque
1317 445 1675 493 abundantem
1733 446 2077 494 multitudine

244 522 405 569 aciem
430 519 749 568 circumvehi
771 519 1021 583 coepisse3
1051 521 1107 567 ni
1133 523 1337 569 mature
1364 521 1741 580 subveniretur,
1763 538 1868 570 non
1894 522 2077 585 posse¹¹

245 596 356 645 sisti
382 597 578 661 fugam.
648 595 916 644 Frendens
942 595 1251 656 Alexander,
1278 596 1406 660 eripi
1443 597 1539 645 sibi
1564 597 1836 646 victoriam
1862 614 1887 644 e
1912 598 2077 646 mani-

243 673 355 730 bus,
381 688 568 736 agmen
606 671 883 720 c'onsistere
914 671 1077 736 jubet.
1147 672 1367 721 Interim
1403 672 1468 721 ad
1505 673 1774 721 Mazaeum
1811 674 2077 737 superati⁹⁰

243 749 376 813 regis
400 749 537 796 sama
562 750 878 812 pervenerat.
951 748 1133 812 Itaque
1154 765 1470 813 quamquam
1498 750 1730 813 superior
1755 753 1878 809 erat,
1899 752 2076 799 tamen

243 826 455 873 fortuna
488 823 720 888 partium
756 824 987 884 territus,
1012 823 1263 888 perculsis
1299 825 1602 890 languidius
1637 825 1885 874 instabat.
1956 826 2078 874 Par-

243 901 417 948 menio
452 901 728 965 ignorabat
753 899 963 964 quidem
1001 916 1208 949 causam
1243 917 1449 966 pugnae
1476 917 1568 950 sua
1604 904 1786 965 sponte
1822 902 2076 962 remissae,

243 978 331 1026 sed
373 977 640 1025 occasione
681 975 926 1025 vincendi
969 978 1178 1025 strenue
1221 981 1297 1025 est
1340 993 1480 1026 usus.
1566 977 1840 1026 Thessalos
1881 978 2076 1043 equites

242 1053 410 1103 vocari
446 1053 611 1117 jubet.
669 1052 771 1111 Qui
797 1052 1019 1101 subditis
1045 1053 1330 1102 calcaribus
1355 1069 1599 1117 proruere
1624 1053 1680 1102 in
1706 1053 1925 1102 hostem.
1991 1054 2078 1102 Illi

243 1130 403 1178 citato
427 1129 593 1194 gradu
618 1129 927 1177 recedebant
941 1145 955 1190 3
993 1129 1268 1178 Parmenio
1288 1131 1480 1189 tamen,
1505 1130 1718 1194 ignarus
1742 1147 1998 1194 quaenam
2023 1133 2079 1178 in

244 1205 426 1254 dextro
453 1221 614 1254 cornu
641 1205 852 1254 fortuna
877 1205 1010 1270 regis
1036 1209 1179 1265 esset,
1206 1207 1447 1269 repressit
1472 1222 1604 1255 suos.
1674 1206 1931 1266 Mazaeus,
1957 1207 2078 1255 dato

243 1298 448 1347 pugnae
474 1282 654 1346 spatio,
681 1298 871 1347 magno
898 1282 1122 1331 circuitu
1148 1282 1334 1347 Tigrin
1358 1285 1565 1346 superat
1590 1286 1641 1330 et
1667 1283 1934 1348 Babylona
1958 1299 2079 1332 cum

244 1359 478 1423 reliquiis
505 1357 696 1408 devicti
722 1358 979 1406 exercitus
1017 1374 1067 1406 se
1092 1358 1296 1422 recepit.
1375 1358 1575 1407 Dareus
1600 1359 1771 1408 media
1799 1361 1901 1408 fere
1927 1362 2078 1408 nocte

243 1435 473 1484 Arbela²¹
509 1437 814 1499 pervenerat
849 1435 1131 1499 eodemque
1167 1451 1359 1499 magna
1393 1451 1511 1499 pars
1549 1435 1837 1484 amicorum
1874 1435 1985 1500 ejus
2021 1452 2080 1484 ac

244 1512 477 1560 militum
502 1512 820 1576 confugerat.
892 1511 1027 1560 Cum
1048 1512 1288 1575 expedita
1311 1527 1472 1560 manu
1494 1511 1691 1561 deserta
1716 1515 1871 1576 atque
1892 1513 2080 1562 ultima

245 1588 392 1653 regni
416 1588 717 1652 petiturus²²
745 1587 944 1636 Mediae
970 1587 1098 1636 fines
1124 1587 1386 1653 ingressus
1411 1598 1496 1638 est.

311 1667 389 1713 29.
425 1664 745 1729 Babylonem
769 1664 1071 1728 procedenti
1091 1663 1390 1712 Alexandro
1416 1663 1669 1724 Mazaeus,
1691 1663 1781 1728 qui
1806 1680 1865 1712 ex
1893 1664 1999 1713 acie
2024 1663 2079 1712 in

245 1756 358 1789 eam
400 1742 582 1789 urbem
625 1741 944 1805 confugerat,
971 1756 1093 1789 cum
1136 1740 1331 1789 adultis
1367 1739 1543 1790 liberis
1580 1741 1799 1804 supplex
1837 1742 2080 1800 occurrit,

245 1817 426 1865 urbem
462 1832 614 1881 seque
639 1816 862 1865 dedens.¹
935 1816 1128 1866 Gratus
1163 1816 1419 1867 adventus
1455 1816 1565 1880 ejus
1600 1816 1708 1881 regi
1744 1817 1864 1876 fuit,
1902 1817 2078 1882 magni

246 1893 387 1942 enim
412 1893 596 1957 operis²
622 1892 819 1941 obsidio
844 1893 1024 1941 futura
1048 1893 1175 1941 erat³
1203 1895 1309 1941 tam
1344 1893 1578 1941 munitae
1606 1892 1762 1942 urbis.
1837 1894 2080 1942 Ceterum

246 1970 500 2034 quadrato
525 1968 746 2034 agmine,
774 1968 913 2034 quod
948 1969 1056 2033 ipse
1081 1968 1316 2028 ducebat,
1342 1969 1486 2018 velut
1521 1969 1577 2017 in
1603 1969 1766 2018 aciem
1801 1970 1973 2029 irent,⁴
1999 1971 2079 2018 in-

245 2046 392 2111 gredi
434 2061 552 2094 suos
589 2045 753 2110 jubet.
836 2045 1030 2108 Magna
1069 2061 1187 2109 pars
1231 2045 1640 2110 Babyloniorum
1683 2045 1985 2095 constiterat
2025 2047 2081 2095 in

246 2122 426 2183 muris,
452 2121 603 2171 avida
628 2122 994 2187 cognoscendi⁶
1020 2138 1217 2171 novum
1253 2138 1441 2186 regem,-
1466 2122 1640 2185 plures
1665 2122 1869 2171 obviam
1894 2122 2080 2187 egressi

248 2201 386 2248 sunt.
454 2199 602 2263 Inter
626 2214 753 2262 quos
780 2195 1135 2262 Bagophanes,
1161 2197 1291 2247 arcis
1327 2200 1379 2246 et
1414 2197 1582 2262 regiae
1613 2199 1863 2261 pecuniae
1890 2203 2080 2257 custos,

247 2290 312 2323 ne
348 2274 520 2323 studio
557 2291 587 2323 a
623 2274 830 2322 Mazaeo
856 2274 1166 2333 vinceretur,
1192 2276 1365 2322 totum
1402 2273 1502 2321 iter
1538 2274 1750 2322 fioribus
1779 2276 2081 2338 coronisque

247 2352 612 2409 constraverat,
639 2350 894 2415 argenteis
931 2350 1181 2399 altaribus
1207 2353 1429 2413 utroque
1463 2350 1623 2398 latere
1649 2350 1925 2414 dispositis,
1953 2368 2081 2415 quae

247 2443 350 2475 non
378 2428 494 2475 ture
517 2427 686 2486 modo,
707 2426 794 2476 sed
819 2427 1063 2475 omnibus
1087 2426 1331 2475 odoribus
1352 2425 1722 2475 cumulaverat.
1782 2426 1935 2475 Dona
1962 2444 2081 2476 eum

248 2504 597 2567 sequebantur
641 2519 820 2568 greges
866 2519 1113 2566 pecorum
1156 2518 1528 2567 equorumque,
1570 2502 1739 2551 leones
1781 2519 1986 2566 quoque
2032 2506 2082 2551 et

246 2580 531 2644 pantherae
555 2579 739 2629 caveis⁶
763 2579 1200 2643 praeferebantur.
1274 2578 1415 2642 Magi
1453 2578 1639 2627 deinde
1677 2594 1768 2626 suo
1799 2595 1938 2627 more
1976 2594 2082 2627 car-

248 2672 367 2704 men
416 2662 673 2715 canentes,
719 2659 837 2718 post
883 2656 980 2704 hoc
1029 2655 1275 2704 Chaldaei
1325 2655 1735 2719 Babyloniorum
1777 2657 1919 2704 vates
1962 2671 2079 2704 cum

249 2732 438 2780 fidibus
475 2731 636 2780 ibant.
709 2732 954 2780 Ceterum
990 2731 1154 2795 ipsius
1190 2730 1334 2780 urbis
1369 2731 1709 2793 pulchritudo
1757 2747 1815 2779 ac
1853 2734 2081 2780 vetustas

250 2824 353 2855 non
391 2807 524 2871 regis
562 2807 712 2855 modo
740 2807 827 2856 sed
855 2808 1012 2857 etiam
1038 2807 1276 2856 omnium
1302 2807 1476 2856 oculos
1516 2807 1571 2855 in
1612 2809 1771 2855 semet
1806 2807 1950 2856 haud
1986 2807 2081 2854 im-

249 2883 433 2931 merito
460 2899 551 2931 con
565 2883 750 2931 vertit.⁷

316 2962 392 3007 30.
430 2958 645 3008 Diutius
692 2959 748 3007 in
791 2958 889 3008 hac
925 2960 1066 3018 urbe,
1106 2975 1263 3023 quam
1299 2974 1533 3022 usquam,
1575 2958 1813 3007 constitit
1847 2974 1950 3017 rex,
1988 2974 2078 3007 nec

315 3078 346 3100 ¹⁹
363 3079 437 3119 660,
453 3079 497 3111 R.
543 3079 577 3100 20
593 3078 667 3118 324,
684 3078 728 3111 R.
747 3079 776 3111 3.
833 3078 956 3112 ²¹410.
1012 3078 1135 3112 ww.
1206 3076 1473 3117 29.1673,R.
1539 3077 1642 3113 2365.
1703 3076 1805 3117 ³599,
1822 3076 1866 3109 R.
1884 3077 1916 3110 3.
1977 3076 2072 3111 ⁴604

255 3128 352 3162 ⁸429.
399 3130 500 3164 ⁶387.
547 3129 813 3171 ⁷281,Exc.2.
