2243 3465
227 209 288 255 56
919 212 1095 249 LATIN
1132 210 1372 246 READER.

228 351 312 399 cit.
385 349 582 397 Multas
608 348 760 396 urbes
789 348 999 394 refertas
1025 342 1310 408 opulentia²
1337 340 1477 405 regia
1510 338 1705 404 partim
1738 352 2061 403 expugnave·

228 436 322 479 rat,
349 428 539 489 partim
575 425 631 472 in
669 423 822 471 fidem
860 424 1140 485 acceperat,
1170 420 1255 468 sed
1293 417 1436 466 urbis
1473 417 1631 480 hujus
1665 415 1875 463 divitiae
1900 416 2064 463 vicere

229 502 516 566 praeterita.
586 501 645 548 In
686 500 823 548 hanc
848 498 1012 546 totius
1050 496 1276 545 Persidis
1303 511 1420 558 opes
1447 493 1809 556 congesserant
1844 490 2065 549 barbari,

230 595 417 628 aarum
454 581 833 642 argentumque
861 575 1192 623 cumulatum
1230 576 1352 626 erat,
1379 570 1535 618 vestis
1571 568 1757 632 ingens
1793 566 1955 631 copia,
1984 582 2062 615 su·

230 656 395 719 pellex
445 671 552 702 non
599 654 663 701 ad
712 668 863 700 usum
891 651 979 699 sed
1015 650 1078 698 ad
1116 648 1521 697 ostentationem
1558 645 1716 693 luxus
1753 648 2063 706 comparata.

231 733 415 794 Itaque
442 731 577 778 inter
601 729 738 793 ipsos
760 729 979 776 victores
1006 728 1139 774 ferro
1167 724 1528 781 dimicabatur,
1549 737 1640 785 pro
1665 721 1812 768 hoste
1832 723 1954 777 erat,
1976 720 2064 782 qui

231 807 585 872 pretiosiorem
612 806 954 868 occupaverat
987 802 1248 866 praedam.
1315 800 1498 864 Neque
1534 798 1734 846 minore
1761 796 2068 846 crudelitate

232 900 389 948 quam
426 882 642 932 avaritia
678 884 945 944 tamquam
973 879 1027 926 in
1056 881 1206 941 capta
1234 877 1360 924 urbe
1395 875 1615 940 grassati
1650 878 1803 934 sunt3
1841 888 1965 921 auro
1992 887 2069 919 ar-

234 964 493 1025 gentoque
519 957 695 1007 onusti
721 957 844 1005 vilia
880 955 1204 1020 captivorum
1233 969 1447 1016 corpora
1483 949 1829 999 trucidabant.
1909 947 2070 996 Multi

236 1037 412 1101 igitur,
438 1038 500 1084 ut
539 1034 771 1083 hostium
813 1047 1000 1080 manus
1042 1032 1301 1095 sugerent,
1329 1045 1353 1077 0
1382 1027 1547 1076 muris
1588 1027 1749 1075 semet
1789 1025 1923 1089 ipsos
1950 1040 2071 1073 cum

236 1113 547 1177 conjugibus
589 1127 648 1160 ac
694 1109 869 1159 liberis
912 1108 1242 1172 dejecerunt;
1294 1104 1507 1169 quidam
1547 1103 1694 1168 ignes
1740 1101 2072 1166 subjecerunt

237 1190 462 1248 aedibus,
490 1192 549 1236 ut
574 1204 693 1236 cum
721 1188 827 1236 suis
852 1185 955 1234 vivi
983 1185 1354 1232 cremarentur.

304 1269 381 1315 33.
426 1265 669 1314 Ceterum
712 1279 799 1311 rex
844 1261 1073 1310 maxima
1114 1258 1277 1308 animi
1320 1259 1471 1316 bona,
1515 1256 1658 1304 illam
1704 1254 1946 1313 indolem,
1972 1270 2074 1318 qua

238 1358 415 1391 omnes
435 1357 577 1405 reges
603 1339 890 1396 antecessit,
907 1338 1051 1385 illam
1072 1336 1128 1384 in
1147 1333 1431 1384 subeundis
1446 1332 1691 1396 periculis
1709 1330 2073 1389 constantiam,

241 1422 294 1469 in
332 1420 484 1468 rebus
521 1415 794 1466 moliendis
818 1413 1205 1476 efficiendisque
1229 1411 1570 1468 velocitatem,
1596 1408 1649 1455 in
1678 1407 1878 1455 deditos
1903 1406 2075 1466 fidem,

243 1498 296 1546 in
334 1495 563 1559 captivos
603 1492 949 1550 clementiam,
989 1490 1044 1538 in
1085 1486 1444 1552 voluptatibus
1482 1485 1744 1549 permissis
1783 1499 1986 1547 quoque
2027 1485 2077 1531 et

242 1573 448 1622 usitatis
483 1570 899 1634 temperantiam,
926 1566 1070 1615 haud
1095 1563 1352 1614 tolerabili
1379 1561 1489 1611 viui
1515 1560 1801 1625 cupiditate
1838 1559 2076 1608 foedavit.

246 1650 338 1700 De¹
375 1649 456 1697 die
495 1647 664 1696 inibat
701 1645 951 1703 convivia,
988 1642 1178 1707 quibus
1216 1641 1439 1689 feminae
1477 1638 1784 1686 intererant.
1854 1635 1934 1684 Ex
1976 1635 2077 1684 liis²

245 1743 363 1786 una,
390 1724 548 1773 Thais
575 1722 801 1781 nomine,
828 1721 1112 1768 maximam
1139 1733 1259 1765 eum
1290 1715 1430 1779 apud
1465 1729 1643 1763 omnes
1672 1712 1891 1761 Graecos
1916 1711 2079 1759 initu-

245 1820 364 1852 rum
400 1801 621 1866 gratiam
659 1799 915 1856 adfirmat,
943 1796 984 1845 si
1020 1795 1214 1859 regiam
1253 1793 1526 1841 Persarum
1560 1789 1815 1854 jussisset³
1842 1788 2078 1848 incendi;

246 1882 540 1943 exspectare
577 1878 674 1925 hoc
710 1890 808 1934 eos,
847 1888 1069 1938 quorum
1108 1871 1260 1918 urbes
1297 1867 1501 1917 barbari
1538 1864 1824 1915 (lelessent.⁴
1894 1864 2080 1912 Ebriae

246 1956 454 2006 mulieri
497 1970 616 2003 cum
660 1967 800 2000 unus
842 1955 894 1999 et
930 1950 1059 1998 alter
1084 1949 1134 1995 et
1159 1946 1276 2010 ipsi⁵
1303 1945 1424 1994 vino
1451 1942 1662 2002 onerati,
1688 1940 2080 2001 assentirentur,

247 2049 362 2082 rex:
401 2031 560 2092 Quin⁶
585 2030 762 2094 igitur,
804 2026 995 2091 inquit,
1040 2023 1341 2073 ulciscimur
1384 2021 1654 2070 Graeciam
1698 2028 1749 2066 et
1791 2017 1907 2066 urbi
1948 2017 2083 2065 faces

249 2107 558 2159 subdimus?
624 2107 861 2170 Surgunt
889 2100 1163 2152 temulenti
1185 2114 1364 2148 omnes
1386 2098 1447 2146 ad
1468 2094 1852 2145 incendendam
1874 2093 2083 2153 urbem3

249 2185 468 2250 primus⁷
496 2200 581 2232 rex
609 2183 783 2246 ignem
810 2180 976 2244 regiae
1001 2177 1197 2242 injecit,
1223 2178 1336 2224 tum
1365 2174 1610 2222 convivae
1637 2175 1687 2220 et
1713 2170 1943 2219 ministri
1967 2185 2085 2233 pae-

250 2264 485 2325 licesque.
559 2259 728 2307 Multa
754 2256 924 2306 cedro⁸
949 2255 1217 2304 aedificata
1241 2254 1350 2300 erat
1375 2251 1530 2315 regia,
1552 2265 1682 2313 quae
1709 2247 1942 2297 celeriter
1966 2247 2087 2310 igne

243 2335 519 2400 ⁴concepto⁹
546 2337 648 2384 late
674 2333 858 2383 effudit
882 2331 1201 2380 incendium.

319 2417 394 2463 34.
433 2412 806 2476 Supplemeuto
832 2424 1089 2456 novorum
1116 2422 1141 2454 e
1168 2403 1352 2453 Cilicia
1381 2402 1614 2450 militum
1641 2401 1826 2449 auctus
1852 2398 2085 2446 Dareum

254 2489 491 2557 persequi
526 2488 725 2537 statuit.
795 2486 845 2534 Is
877 2485 982 2549 jam
1023 2483 1292 2531 Ecbatana
1325 2481 1629 2544 pervenerat
1656 2476 1828 2540 caput²
1856 2473 2087 2534 Mediae3

255 2568 376 2616 inde
401 2566 482 2614 ad¹
511 2564 762 2629 oppidum
788 2562 977 2611 Bactra
1004 2558 1315 2608 contendere
1342 2556 1648 2604 decreverat.
1724 2553 1790 2600 In
1822 2568 1878 2600 eo
1904 2551 2090 2599 itinere

257 2645 446 2692 Bessus
471 2644 522 2690 et
558 2641 890 2689 Nabarzanes
926 2635 1172 2701 praefecti
1198 2649 1368 2697 regem
1397 2647 1551 2680 suum
1576 2645 1675 2700 pers
1692 2628 1928 2677 fraudem
1954 2643 2091 2675 com-

257 2717 572 2784 prehendere
615 2719 666 2764 et
706 2716 901 2764 vincire
943 2714 1279 2761 decreverant
1321 2726 1377 2757 eo
1420 2707 1631 2771 quidem
1671 2704 1922 2764 consilio,2
1949 2707 2008 2752 ut
2051 2704 2091 2752 si

260 2793 556 2842 Alexander
581 2793 717 2855 ipsos
742 2790 1011 2839 insecutus
1037 2786 1203 2846 foret,³
1230 2785 1423 2833 tradito
1450 2799 1566 2848 rege
1591 2783 1708 2832 vivo
1745 2782 1942 2830 inirent
1976 2796 2090 2844 gra-

260 2871 387 2918 tiam
426 2868 653 2926 victoris,
692 2866 791 2915 sin⁴
835 2869 1010 2914 autem.
1047 2880 1164 2912 eum
1202 2863 1423 2925 effugere
1459 2858 1785 2923 potuissent,³
1822 2857 2092 2905 interfecto

261 2947 429 2996 Dareo
450 2960 669 3009 regnum
696 2942 792 3007 ipsi
813 2944 1127 3004 occuparent
1150 2939 1448 3000 bellunique
1469 2939 1790 2984 renovarent.
1842 2933 1878 2982 J
1882 2949 1964 2981 am
1991 2948 2090 2980 11οΧ

324 3091 339 3111 2
357 3091 428 3128 373,
449 3089 477 3122 R
510 3089 539 3122 1.
697 3086 775 3122 33.
802 3087 813 3108 ¹
833 3086 904 3123 393,
921 3085 965 3117 R.
1032 3083 1047 3105 2
1064 3083 1136 3120 371,
1155 3082 1198 3115 R.
1217 3081 1248 3113 5.
1315 3080 1329 3101 ³
1347 3080 1419 3118 660,
1437 3079 1468 3111 4.
1535 3078 1551 3100 ⁴
1567 3078 1640 3110 630.
1708 3076 1724 3098 ⁵
1740 3077 1812 3115 297,
1830 3075 1874 3108 R.
1893 3076 1922 3108 2.
1996 3074 2005 3095 ³
2023 3073 2092 3107 268.

264 3142 278 3164 ⁷
295 3143 366 3180 324,
389 3142 418 3175 R
448 3143 467 3174 5
545 3140 560 3162 ⁸
577 3140 648 3179 3915,
666 3139 710 3171 R.
729 3139 759 3171 2.
840 3137 854 3158 ⁹
872 3138 944 3175 007,
963 3136 1006 3168 R.
1028 3136 1059 3168 1.
1285 3132 1362 3167 34.
1390 3131 1401 3153 ¹
1420 3131 1493 3170 410,
1513 3129 1558 3162 R.
1577 3130 1608 3161 2.
1698 3127 1713 3149 ²
1729 3128 1803 3167 545,
1823 3127 1852 3160 1.
1940 3125 1955 3148 ⁵
1971 3126 2044 3165 660,
2060 3126 2088 3158 5.

265 3194 280 3216 ⁴
296 3194 367 3226 593.
