2243 3465
708 163 781 199 DE
818 162 1002 198 GEs'rrs
1039 162 1388 199 ALEXANDRI.
1897 151 1950 198 5]
1987 217 1992 225 ι

197 295 495 345 Alexander
520 296 582 345 ab
609 295 905 344 Hammone
931 295 1131 344 rediens
1155 295 1220 343 ad
1255 294 1513 343 Mareotin
1550 294 1794 358 paludem
1818 291 1955 341 haud

131 373 313 435 procul
338 372 548 421 insula¹⁶
574 373 744 421 Pharo
771 373 923 421 sitam
948 371 1104 420 venit.
1175 371 1570 434 Contemplatus
1594 370 1693 418 loci
1720 375 1955 417 naturam

131 449 363 512 primum
389 449 443 497 in
470 449 581 512 ipsa
615 448 788 497 insula
825 450 1076 496 statuerat
1107 448 1288 496 urbem
1324 463 1513 496 novam
1539 446 1785 506 condere3
1825 445 1959 503 inde,

131 527 193 572 ut
228 525 484 588 apparuit,
510 540 728 589 magnae
762 524 931 573 sedis¹⁶
956 523 1182 572 insulam
1220 523 1363 571 haud
1400 538 1636 586 capacem
1662 537 1781 582 esse,
1808 521 1958 584 elegit

133 601 249 649 urbi
275 601 463 660 locum,
487 600 573 649 ubi
599 617 742 649 nunc
768 603 844 649 est
862 599 1196 658 Alexandria,
1218 615 1406 647 nomen
1434 599 1644 647 trahens
1665 614 1724 645 ex
1751 598 1960 645 nomine

132 678 374 726 auctoris.
444 677 526 725 Ex
562 677 802 725 finitimis
833 676 1048 724 urbibus
1084 675 1423 740 commigrare
1447 673 1823 723 Alexandriam
1855 673 1960 736 jus-

133 753 255 812 sis,¹⁷
293 770 481 802 novam
524 755 705 802 urbem
748 769 936 817 magna
973 752 1317 800 multitudine
1357 751 1607 815 implevit.
1685 750 1787 798 His
1826 765 1960 797 com·-

131 829 326 892 positis,
353 829 634 878 imminens
659 830 825 878 Dareo
852 829 917 877 ad
942 829 1267 893 Euphratem
1294 829 1393 877 iter
1416 826 1744 892 pronuntiari
1766 826 1938 890 jussit.

198 907 274 953 24.
311 905 517 954 Interea
541 905 740 955 Dareus
766 905 1031 969 desperata
1062 921 1199 969 paee,
1225 921 1380 969 quam
1406 921 1496 968 per
1519 904 1719 952 litteras
1743 903 1961 967 legatos-

132 998 231 1047 que
260 982 522 1047 impetrari
561 999 706 1047 posse
733 982 1034 1042 crediderat,
1061 983 1126 1030 ad
1162 982 1473 1046 reparandas
1498 982 1629 1029 vires
1665 980 1961 1043 bellumque

131 1058 351 1124 impigre
376 1060 736 1108 renovandum
769 1059 996 1107 intendit
1021 1059 1271 1107 animum.
1343 1058 1534 1107 Omnia
1556 1057 1961 1121 longinquarum

131 1138 371 1200 gentium
407 1136 604 1199 auxilia
628 1135 972 1200 Babyloniam
997 1135 1237 1183 contrahi
1273 1134 1444 1199 jussit,
1473 1134 1706 1191 Bessum,
1733 1131 1961 1180 Bactria-

131 1228 322 1261 norum
342 1215 644 1276 praetorem,
666 1229 730 1276 qu
740 1229 824 1261 am
843 1213 1092 1260 11111Χ111101
1112 1215 1281 1276 posset
1300 1210 1530 1259 exercitu
1549 1220 1738 1269 coacto,
1755 1209 1961 1257 descen-

133 1289 251 1337 dere
291 1289 356 1337 ad
390 1305 450 1350 *se
486 1289 651 1353 jubet,
680 1288 899 1354 Scythae
935 1304 1138 1352 quoque
1175 1290 1228 1336 et
1267 1287 1387 1335 Indi
1426 1287 1758 1346 conveniunt,
1787 1285 1862 1334 ita
1904 1285 1964 1331 ut

134 1364 370 1414 dimidio²
396 1366 555 1413 ferme
594 1365 759 1428 major
796 1365 1052 1413 exercitus
1091 1367 1235 1423 esset,
1255 1380 1412 1428 quam
1449 1364 1503 1411 in
1543 1363 1728 1412 Cilicia
1764 1363 1961 1420 fuerat;

133 1440 434 1506 ingensque,
480 1447 541 1490 ut
588 1441 891 1501 crediderat,
933 1440 1167 1490 hostium
1216 1443 1396 1499 terror,
1444 1440 1698 1488 ducentae
1746 1439 1963 1487 falcatae

131 1519 421 1589 quadrigae
448 1528 658 1572 secutae
684 1528 827 1572 sunt.
901 1520 986 1572 Ex
1014 1538 1225 1572 summo
1252 1528 1468 1572 temone
1493 1519 1674 1570 hastae
1703 1517 1970 1588 praefixae

130 1602 275 1655 ferro
287 1604 615 1670 eminebant,
627 1604 787 1656 falces
805 1605 938 1656 aliae
956 1623 1075 1656 511111
1091 1605 1283 1656 missae
1299 1610 1539 1656 rotarum
1557 1603 1775 1655 orbibus
1791 1603 1970 1654 haere-

133 1685 276 1745 bant,
312 1685 439 1734 aliae
476 1685 532 1735 in
568 1687 758 1734 terram
796 1687 1057 1735 demissae.
1132 1686 1399 1735 Instructo
1436 1685 1665 1734 exercitu
1703 1685 1965 1749 Babylone

134 1761 304 1825 copias
338 1763 518 1812 movit.
591 1763 739 1828 Tigri
775 1762 960 1811 deinde
996 1766 1235 1826 superato
1271 1761 1508 1826 pervenit
1532 1762 1724 1810 Arbela
1748 1760 1964 1810 vicum.'

136 1837 447 1901 Opportuna
471 1839 792 1902 explicandis
818 1839 997 1904 copiis⁴
1023 1840 1163 1904 regio
1189 1842 1312 1898 erat,
1333 1841 1479 1888 vasta
1501 1838 1760 1902 planities,
1787 1852 1964 1902 eques·

133 1913 204 1963 tri
228 1915 452 1963 maxime
476 1915 671 1979 proelio
698 1919 832 1979 apta.

201 1993 278 2039 25.
313 1991 610 2039 Alexander
636 1991 880 2040 undecim
900 1991 1080 2041 castris
1105 1991 1169 2039 ad
1195 1991 1502 2055 Euphraten
1526 1989 1777 2054 pervenit.
1832 1990 1963 2050 Quo²

134 2067 382 2131 pontibus
418 2068 604 2131 juncto
647 2068 844 2131 equites
887 2068 1084 2131 primos
1123 2067 1213 2127 ire,
1254 2068 1570 2132 phalangem
1612 2066 1757 2131 sequi
1793 2067 1954 2131 jubet,

137 2142 359 2203 Mazaeo,
395 2143 485 2208 qui
521 2143 585 2192 ad
625 2143 973 2192 inhibendum
1008 2144 1292 2192 transitum
1328 2144 1438 2208 ejus
1474 2159 1594 2192 cum
1630 2159 1715 2191 sex
1752 2143 1965 2192 milibus

136 2219 367 2284 equitum
407 2223 716 2280 occurrerat,
754 2237 860 2269 non
900 2236 1022 2269 auso
1061 2221 1355 2284 periculum
1393 2221 1473 2268 sui
1510 2221 1689 2268 facere.
1778 2219 1965 2268 Paucis

136 2296 322 2345 deinde
347 2296 429 2345 ad²
454 2297 683 2361 quietem
709 2297 889 2346 diebus
915 2297 1050 2346 datis
1082 2297 1253 2356 militi,
1279 2300 1488 2345 strenue
1524 2296 1726 2344 hostem
1761 2295 1965 2359 insequi

136 2375 320 2437 eoepit,
349 2380 601 2433 metuens,
639 2374 721 2422 ne³
757 2373 1005 2422 interiora
1041 2374 1188 2438 regni
1225 2373 1307 2421 5111
1341 2374 1538 2437 peteret
1574 2371 1965 2436 sequendusque

136 2453 268 2499 esset
307 2465 399 2513 per
439 2450 551 2498 loca
592 2450 736 2498 omni
778 2450 1061 2498 solitudine
1101 2451 1255 2514 atque
1302 2449 1479 2512 inopia
1518 2451 1676 2496 vasta.
1775 2446 1964 2511 Igitur-⁴

137 2528 321 2590 quarto
348 2525 430 2574 die
453 2526 518 2574 ad
548 2527 921 2590 septentriones
955 2528 1157 2589 praeter
1180 2525 1372 2573 Arbela
1404 2527 1645 2588 penetrat
1669 2524 1731 2572 ad
1758 2524 1956 2587 Tigrin.

138 2603 273 2650 Tota
312 2601 451 2666 regio
493 2603 633 2650 ultra
673 2618 880 2650 amnem
921 2603 1116 2650 recenti
1158 2602 1398 2650 fumabat
1445 2600 1720 2660 incendi03
1775 2599 1965 2663 quippe

138 2679 393 2737 MazanS,
421 2694 757 2742 quaecunque
782 2678 1013 2737 adierat,⁵
1037 2677 1179 2726 haud
1216 2693 1360 2725 secus
1386 2693 1544 2741 quam
1579 2677 1744 2724 hostis
1770 2676 1964 2724 urebat.

135 2756 214 2806 Ut
256 2755 602 2818 speculatores
642 2755 908 2818 praemissi
950 2756 1066 2802 tuta
1112 2754 1288 2802 omnia
1334 2753 1728 2811 nuntiaverunt,
1774 2766 1964 2815 paucos

137 2830 374 2895 equitum
400 2830 465 2879 ad
491 2831 854 2894 temptandum
873 2831 1065 2878 vadum
1091 2830 1325 2878 fluminis
1350 2828 1615 2894 praemisit
1631 2845 1643 2889 3
1677 2828 1760 2891 cuj
1769 2843 1826 2876 us
1852 2826 1964 2874 alti-

141 2906 264 2954 tudo
284 2906 470 2970 primo⁶
484 2922 688 2955 summa
707 2923 958 2970 equorum
974 2912 1196 2970 pectora,
1213 2922 1333 2954 mox
1354 2908 1414 2954 ut
1433 2904 1488 2953 in
1510 2905 1738 2953 medium
1760 2903 1962 2950 alveum

136 2985 355 3031 ventum
395 2986 486 3042 est,
529 2982 766 3031 cervices⁷
810 2998 1011 3046 quoque
1057 2984 1323 3046 aequabat.
1408 2982 1520 3030 Nee
1562 2996 1681 3029 sane
1728 2979 1859 3027 alius
1901 2978 1962 3026 ad

200 3101 235 3125 ¹⁸
249 3103 322 3143 418,
338 3102 384 3136 R.
453 3102 486 3124 ²⁶
502 3103 575 3136 374.
643 3102 674 3124 ¹⁷
691 3103 764 3137 438,
782 3102 826 3135 R.
842 3103 874 3134 2.
1127 3102 1206 3139 24.
1231 3103 1242 3125 ¹
1262 3103 1334 3136 317.
1400 3102 1416 3124 2
1432 3102 1505 3134 400.
1579 3100 1594 3122 ³
1609 3101 1682 3139 410,
1700 3099 1743 3132 R.
1761 3099 1791 3132 2.
1858 3098 1875 3121 ⁴
1889 3098 1956 3133 4301

136 3152 217 3193 25.
242 3154 255 3176 ²
272 3154 346 3188 612.
412 3153 429 3176 ²
445 3154 518 3195 344,
535 3154 581 3187 R.
600 3153 630 3188 1.
696 3153 712 3176 ³
727 3155 800 3188 552.
867 3154 882 3177 ⁴
898 3155 970 3194 503,
988 3154 1032 3188 R.
1148 3155 1164 3176 ⁵
1180 3155 1252 3188 569.
1319 3154 1334 3176 ⁶
1350 3154 1422 3193 324,
1439 3154 1483 3187 R.
1501 3155 1532 3186 7.
1599 3151 1614 3173 ⁷
1630 3152 1703 3192 345,
1725 3151 1768 3184 R.
1789 3152 1818 3185 1.
