2243 3465
243 155 342 203 114
941 166 1116 203 LATIN
1154 166 1396 202 READER.

246 300 538 360 honesto,⁵⁵⁷
556 299 646 364 qui
666 315 696 348 a
713 299 882 363 prima
900 299 1163 348 obsidione
1183 298 1246 347 ad
1267 297 1567 364 Ciceronem
1590 297 1887 361 perfugerat
1912 312 2080 345 suam-

246 394 345 442 que
371 377 415 425 ei
454 377 606 425 fidem
642 375 985 440 praestiterat.
1057 375 1162 423 Hic
1199 390 1342 423 servo
1370 390 1456 437 spe
1484 372 1740 422 libertatis
1775 373 2081 437 magnisque

245 453 520 518 persuadet
544 453 788 516 praemiis
813 456 874 500 ut
898 453 1100 500 litteras
1125 450 1191 499 ad
1218 450 1485 499 Caesarem
1511 449 1720 498 deferat.
1779 449 1889 498 Has
1915 449 2000 497 ille
2026 450 2080 497 in

243 531 417 595 jaculo
453 529 682 594 illigatas
718 529 877 586 effert,
904 532 956 577 et
983 528 1165 577 Gallus
1202 526 1340 575 inter
1378 526 1556 575 Gallos
1593 526 1703 574 sine
1729 525 1893 574 ulla⁶⁵⁸
1920 525 2084 590 suspi-

248 611 394 658 cione
418 611 652 658 versatus
678 607 742 657 ad
772 607 1040 656 Caesarem
1066 606 1314 670 pervenit.
1388 606 1470 654 Ab
1497 621 1554 654 eo
1582 604 1644 653 de
1671 604 1916 669 periculis
1944 604 2085 652 Cice-

247 686 387 734 ronis
413 684 734 749 legionisque
760 683 1108 748 cognoscitur.

313 761 503 811 XLVI.
543 761 727 809 Caesar
768 760 993 823 acceptis
1036 759 1224 808 litteris
1260 758 1389 807 hora
1425 757 1632 807 circiter
1666 771 1730 806 XI
1766 756 1867 806 diei
1904 756 2084 806 statim

248 838 498 886 nuntium
524 838 579 885 in
609 837 906 885 Bellovacos
938 836 1003 884 ad
1030 835 1267 884 Marcum
1294 834 1594 884 Crassum⁵⁵⁹
1618 837 1941 898 quaestorem
1966 835 2085 881 mit-

249 914 329 973 tit,
346 914 496 978 cujus
521 913 741 961 hiberna
765 914 981 961 aberant
1005 913 1068 960 ab
1089 912 1204 960 eo⁵⁶⁰
1226 912 1372 959 milia
1396 927 1646 974 passuum
1673 910 1860 959 XXV.⁵⁶¹
1919 910 2084 959 dubet

249 990 419 1039 media
444 991 598 1038 nocte
617 989 875 1054 legionem
901 988 1155 1052 proficisci
1178 988 1512 1051 celeriterque
1537 987 1602 1035 ad
1628 1003 1677 1036 se
1697 986 1884 1035 venire.
1957 987 2086 1035 Exit

249 1083 370 1116 cum
399 1066 646 1114 nuntio⁵⁶2
675 1067 902 1114 Crassus.
972 1066 1216 1112 Alterum
1243 1064 1307 1112 ad
1334 1063 1388 1112 C.
1408 1063 1632 1112 Fabium
1657 1064 1888 1128 legatum
1918 1064 2086 1111 mittit

250 1147 310 1191 ut
334 1144 389 1191 in
416 1144 730 1191 Atrebatum
757 1142 884 1191 fines
919 1142 1178 1205 legionem
1204 1140 1501 1199 addiicat‚⁵⁶³
1527 1156 1629 1205 qua
1655 1140 1753 1188 sibi
1778 1139 1877 1187 iter
1901 1140 2087 1188 sacien-

250 1219 376 1268 dum
397 1220 603 1268 sciebat.
675 1218 867 1267 Scribit
893 1217 1136 1276 Labieno,
1157 1217 1196 1266 si
1222 1216 1295 1265 rei
1320 1216 1556 1280 publicae
1578 1215 1903 1265 commodo⁵⁶⁴
1925 1217 2088 1264 facere

250 1298 430 1361 posset,
451 1311 573 1344 cum
597 1294 799 1359 legione
820 1294 884 1343 ad
910 1294 1039 1342 fines
1065 1293 1380 1342 Nerviorum
1406 1292 1582 1342 veniat
1604 1292 1672 1341 :⁵²⁶5
1693 1292 1948 1355 reliquam
1973 1307 2088 1355 par-

251 1375 356 1421 tem
383 1372 656 1431 exercitus,
684 1371 823 1435 quod
849 1370 1003 1434 paulo
1030 1371 1206 1418 aberat
1231 1370 1313 1417 lou
1321 1369 1453 1434 gius,
1475 1385 1580 1416 non
1606 1370 1760 1431 putat
1785 1377 2087 1431 exspectan-

251 1449 399 1510 dam3
438 1449 633 1513 equites
664 1447 869 1496 circiter
905 1446 1314 1512 quadringentos
1341 1462 1401 1494 ex
1437 1445 1691 1509 proximis
1729 1444 1961 1493 hibernis
1987 1443 2089 1492 col-

251 1525 381 1590 ligit.

318 1600 536 1649 XLVII.
565 1600 709 1648 Hora
728 1599 932 1648 circiter
956 1612 1029 1646 111
1055 1599 1119 1647 ab
1140 1597 1560 1647 antecursoribus
1581 1597 1641 1645 de
1664 1596 1832 1646 Crassi
1859 1596 2089 1645 adventu

252 1677 438 1726 certior
454 1677 623 1725 factus
640 1692 696 1724 eo
714 1676 795 1724 die
812 1675 957 1724 milia
973 1691 1218 1738 passuum
1236 1673 1425 1722 XXV.⁵⁰⁶
1442 1673 1785 1738 progreditur.
1847 1673 2089 1722 Crassum

254 1753 643 1803 Samarobrivae
673 1752 963 1816 praeficit⁵⁶⁷
988 1751 1343 1815 legionemque
1367 1749 1412 1799 ei
1449 1749 1706 1809 attribuit,
1733 1750 1870 1813 quod
1897 1749 1965 1798 ibi
1994 1749 2090 1797 im-

253 1830 551 1895 pedimenta
576 1828 908 1886 exei·citus,⁵⁶⁸
934 1828 1135 1876 obsides
1167 1828 1459 1886 civitatum,
1485 1826 1686 1875 litteras
1722 1826 1954 1890 publicas
1979 1827 2087 1873 fru-

253 1916 596 1970 mentumque
623 1922 790 1964 omne,
816 1904 955 1968 quod
990 1921 1047 1953 eo
1075 1903 1370 1952 tolerandae
1406 1903 1592 1951 hiemis
1623 1919 1776 1951 causa
1801 1901 2086 1960 devexerat,

254 1983 593 2046 relinquebat.
663 1981 872 2040 Fabius,
913 1985 974 2029 ut
1013 1980 1329 2044 imperatum
1372 1983 1494 2038 erat,
1534 1995 1641 2027 non
1684 1980 1758 2026 ita
1799 1977 2086 2025 multum⁵⁶⁹

255 2063 487 2108 moratus
531 2059 586 2107 in
630 2059 815 2107 itinere
851 2073 971 2107 cum
1008 2057 1211 2122 legione
1253 2056 1494 2105 occurrit.
1564 2054 1826 2104 Labienus
1867 2054 2086 2102 interitu

309 2222 364 2244 ⁶⁵⁷
387 2223 513 2260 Loco
551 2224 686 2260 natus
719 2221 939 2260 honesto:
970 2220 1151 2258 Partici-
1197 2219 1248 2259 G.
1275 2218 1366 2259 546.
1424 2218 1490 2257 On
1519 2217 1597 2257 the
1627 2229 1861 2268 sequence,
1891 2228 1924 2256 c.
1946 2216 1990 2264 i.,
2017 2214 2092 2254 12.

256 2277 354 2328 ples
376 2278 425 2315 of
453 2276 574 2315 birth
595 2276 701 2314 take
722 2275 799 2313 the
824 2275 1020 2312 ablative
1042 2273 1153 2311 with
1197 2273 1248 2313 G.
1275 2273 1367 2319 511,
1394 2272 1443 2311 R.

256 2332 383 2382 (217)
404 2343 453 2369 or
474 2330 665 2368 without
695 2340 770 2366 ex.
827 2328 876 2366 G.
899 2328 990 2368 395.
1251 2326 1304 2346 ⁵⁶⁴
1327 2325 1582 2365 Commodo
1611 2325 1678 2362 rei
1708 2322 1947 2373 publicae:
1991 2321 2094 2362 Con-

310 2383 365 2405 ⁶⁵⁸
387 2385 496 2423 Sine
539 2383 634 2421 ulla
680 2382 966 2431 suspicione:
1014 2381 1153 2420 Ullus
1197 2381 1390 2430 sistenda
1438 2379 1540 2419 with
1586 2379 1653 2418 the
1696 2378 1894 2417 inte-rests
1933 2377 1986 2427 of
2026 2376 2093 2416 tlte

258 2438 334 2478 the
356 2439 577 2490 adjective
601 2438 717 2475 form
741 2437 811 2474 for
832 2436 1079 2484 quisquam
1108 2435 1154 2473 in
1200 2434 1332 2480 State,
1374 2431 1732 2472 comonomeealtlc.
1793 2430 2003 2469 Ablative
2043 2430 2094 2468 of

257 2505 284 2532 a
305 2493 512 2543 negative
534 2495 755 2530 sentence.
813 2490 861 2528 G.
887 2488 978 2529 364.
1199 2501 1412 2532 manner;
1461 2486 1529 2524 rei
1576 2485 1790 2535 publicae
1838 2484 1967 2522 takes
2015 2483 2093 2522 the

313 2546 468 2586 XLVI.
516 2545 570 2565 ⁶⁵⁹
611 2546 666 2583 In
744 2543 1029 2582 Bellovacos
1099 2541 1157 2579 ad
1199 2542 1395 2593 plaeeof
1425 2554 1480 2579 an
1502 2540 1737 2591 adjective.
1796 2537 1845 2577 G.
1869 2538 1960 2577 401.

258 2601 330 2639 Μ.
366 2601 615 2639 Crassum:
655 2598 700 2639 C.
726 2598 808 2645 iii.,
834 2599 909 2636 70.
980 2597 1031 2636 G.
1062 2595 1156 2642 410,
1253 2594 1303 2615 ⁶⁶⁵
1325 2592 1769 2644 Siposset-veniat:
1791 2592 1837 2631 Ο.
1851 2591 1902 2631 R.
1917 2591 1955 2629 si
1968 2593 2096 2640 pote-

260 2654 298 2694 R
1198 2648 1651 2698 ris—veniffihifting
1668 2658 1898 2696 sequence.
1936 2645 1985 2683 G.
2002 2644 2093 2684 657.

302 2686 367 2728 ⁸⁵⁶⁰
390 2708 465 2745 Ab
482 2717 537 2745 eo
558 2720 566 2746 :
598 2707 643 2746 C.
668 2707 711 2753 i.,
738 2691 779 2744 3'.
837 2705 886 2744 G.
910 2705 1000 2745 388.
1253 2702 1431 2742 XLVII.
1454 2701 1504 2721 ⁵⁶⁶
1527 2696 1670 2739 Milia
1708 2710 1921 2749 passuum
1949 2709 2094 2738 xxva

313 2760 361 2781 ⁵⁶¹
383 2761 522 2800 Milia
561 2771 777 2809 passuum
814 2770 960 2798 xxv-z
1010 2758 1054 2798 C.
1077 2759 1151 2805 ix„
1199 2757 1244 2797 C.
1268 2758 1341 2803 ix„
1370 2756 1472 2794 159.
1530 2756 1579 2794 G.
1602 2756 1693 2794 335.

263 2816 367 2854 159.
425 2816 474 2853 G.
498 2815 589 2853 335.
1253 2810 1304 2831 ⁵⁶⁷
1328 2811 1546 2848 Crassum
1582 2807 1935 2848 Samarobrivae
1965 2816 2094 2854 prae-

314 2868 364 2888 ⁵⁶²
384 2869 506 2907 Exit
526 2880 631 2905 cum
643 2867 828 2906 nuntio:
861 2866 974 2906 With
992 2867 1157 2912 (imme-
1199 2864 1322 2903 ficit:
1354 2864 1399 2902 (J.
1423 2864 1479 2906 ii..
1502 2863 1573 2901 36.
1632 2862 1683 2901 G.
1711 2861 1801 2901 346.

263 2923 432 2972 diately
473 2922 608 2972 upon)
649 2922 717 2960 tlte
754 2920 970 2970 reception
1003 2921 1055 2970 of
1088 2919 1156 2958 tlte
1252 2917 1660 2966 ⁶⁶⁸1mpedimenta
1694 2913 1939 2962 exercitus,
1975 2911 2092 2950 obsi-

262 2988 385 3015 stamus.
443 2975 494 3015 G.
522 2976 614 3021 393,
635 2975 684 3014 R..
1199 2972 1280 3010 des
1309 2972 1564 3019 civitatum,
1600 2975 1704 3008 ete:
1751 2966 2021 3018 Asyndetou,
2056 2977 2090 3006 ο.

317 3028 368 3050 ⁶⁶³
391 3029 546 3067 Mittit
576 3032 628 3067 ut
658 3028 859 3066 adducat
878 3041 886 3066 :
927 3027 1025 3077 Any
1049 3026 1154 3065 verb
1199 3027 1294 3070 xii„
1317 3026 1417 3063 197.
1475 3025 1525 3063 G.
1547 3023 1641 3069 483,
1660 3022 1697 3061 2.

265 3084 374 3122 used
395 3096 443 3122 as
464 3095 489 3121 a
503 3083 610 3121 verb
626 3083 674 3121 of
695 3082 870 3132 willing
885 3093 933 3118 or
949 3080 1154 3119 demand·
1251 3078 1302 3099 ⁵⁶⁰
1325 3080 1433 3117 Non
1451 3077 1515 3116 ita
1534 3077 1748 3115 multum:
1776 3074 1959 3120 Litotes,
1972 3084 2004 3111 c.
2017 3071 2094 3120 vi„

266 3137 344 3188 ing
364 3150 465 3188 may
482 3136 597 3175 have
618 3136 696 3175 the
713 3135 818 3174 final
840 3135 1153 3174 construction.
1201 3134 1307 3172 104.
1364 3132 1414 3173 G.
1440 3131 1535 3179 448,
1555 3131 1604 3170 R.
1627 3131 1664 3171 2.
