2243 3465
653 154 726 189 DE
761 149 944 188 GESTIS
980 145 1334 184 ALEXANDRI.
1844 129 1910 180 47

80 308 139 339 ex
166 291 270 340 alto
295 289 488 338 fluctus
525 287 579 336 in
614 287 743 336 litus
768 282 988 343 evolvit3
1027 294 1205 329 muros
1242 280 1513 340 turresque
1538 274 1682 323 urbis
1716 273 1911 338 praeal-

81 370 196 415 tum
234 381 374 414 mare
412 364 685 421 ambiebat,
712 378 818 410 non
858 360 1120 407 tormenta
1156 354 1275 403 nisi⁹
1302 370 1327 402 e
1355 353 1573 401 navibus
1608 350 1790 414 procul
1828 365 1913 397 ex-

81 459 229 492 cussa
264 441 421 501 mitti,
448 457 554 489 non
594 439 756 488 scalae
793 435 1064 484 moenibus
1103 424 1350 495 applicari
1388 430 1640 493 poterant.
1717 425 1915 475 Confir-

82 523 230 569 mant
272 519 471 567 animos
508 515 787 581 Tyriorum
816 507 1331 574 Carthaginiensium
1371 504 1544 570 legati,
1570 503 1659 567 qui
1701 503 1766 551 ad
1791 502 1916 551 cele-

82 596 344 645 brandum
387 609 591 644 sacrum
633 589 1050 640 anniversarium
1092 600 1234 633 more
1269 583 1438 647 patrio
1481 585 1612 629 tunc
1648 582 1910 628 venerant.

85 673 453 736 Carthaginem
482 669 624 718 enim
651 666 796 730 Tyrii
823 664 1188 717 condiderunt,
1217 675 1416 723 semper
1451 659 1730 721 parentum
1766 655 1917 703 loco¹⁰

85 749 229 798 culti.
284 747 497 796 Hortari
524 761 642 809 ergo
670 742 830 791 Poeni
857 742 1153 803 coeperunt,
1171 739 1232 785 ut
1259 735 1581 784 obsidionem
1601 732 1723 781 sorti
1745 732 1919 780 animo

84 827 401 890 paterentur,
444 821 586 871 brevi
635 819 952 883 Carthagine
1000 815 1197 864 auxilia
1243 817 1478 862 ventura.
1577 810 1820 873 Namque
1862 823 1919 856 eo

89 904 314 964 tempore
339 914 528 964 magna
552 914 611 946 ex
649 898 794 960 parte
822 893 1035 943 Punicis
1062 891 1312 941 classibus
1350 888 1514 937 maria
1539 886 1921 935 obsidebantur.

84 977 186 1027 Sed
211 975 492 1025 domestico
517 974 652 1023 bello
680 973 878 1021 Poenos
902 969 1143 1034 impediri
1168 967 1323 1031 paulo
1350 967 1468 1029 post
1492 963 1798 1012 nuntiatum
1827 963 1917 1010 est.

155 1057 227 1102 18.
273 1053 481 1101 Interea
530 1050 839 1098 Macedones
887 1044 1198 1096 continenti¹
1248 1042 1476 1090 insulam
1526 1039 1660 1088 mole
1703 1038 1922 1103 jungere

86 1131 352 1195 parabant.
430 1128 626 1192 Magna
661 1126 738 1175 vis
780 1139 1023 1173 saxorum
1060 1121 1124 1170 ad
1161 1135 1377 1168 manum
1419 1119 1542 1176 erat,
1578 1117 1716 1181 Tyro
1752 1120 1923 1163 vetere

87 1207 378 1271 praebente,
403 1204 644 1253 materies
681 1218 741 1250 ex
780 1202 980 1250 Libano
1019 1201 1196 1247 monte
1222 1195 1422 1244 ratibus
1447 1197 1498 1242 et
1533 1191 1767 1241 turribus
1801 1190 1924 1239 faci-

88 1283 253 1331 endis²
296 1282 660 1330 advehebatur.
746 1278 974 1341 Jamque
1020 1275 1237 1338 paulum
1288 1271 1448 1320 moles
1490 1285 1622 1334 aqua
1665 1268 1926 1317 eminebat

89 1359 308 1423 urbique
335 1357 721 1414 admovebatur,
749 1370 871 1403 cum
897 1351 1041 1418 Tyrii
1077 1350 1250 1414 parvis
1280 1346 1523 1411 navigiis³
1551 1362 1679 1409 opus
1706 1345 1926 1394 circum-

90 1436 163 1485 ire
201 1434 499 1499 coeperunt⁴
536 1432 921 1494 missilibusque
958 1444 1056 1487 eos,
1083 1427 1173 1492 qui
1209 1442 1302 1489 pro
1329 1440 1475 1487 opere
1514 1423 1736 1481 stabant,
1763 1420 1927 1469 inces-

91 1529 211 1563 sere.
284 1510 474 1576 Igitur5
500 1526 588 1558 rex
626 1507 989 1556 munientibus
1015 1504 1152 1553 coria
1179 1502 1390 1566 velaque
1422 1499 1579 1564 jussit
1611 1497 1839 1556 obtendi,
1865 1498 1928 1545 ut

91 1594 238 1639 extra
264 1588 353 1636 teli
385 1587 589 1652 Jactum
614 1588 798 1643 essent,
825 1583 1056 1645 duasque
1093 1584 1261 1628 turres
1286 1595 1347 1627 ex
1374 1577 1541 1641 capite
1572 1575 1724 1624 molis
1749 1573 1927 1633 erexit,

91 1683 117 1717 e
160 1665 348 1730 quibus
395 1665 450 1712 in
492 1664 774 1712 subeuntes
817 1659 1030 1723 scaphas
1073 1656 1175 1705 tela
1215 1654 1382 1719 ingeri
1423 1652 1663 1717 possent.⁶
1733 1650 1930 1700 Contra

92 1742 236 1807 Tyrii
263 1757 449 1790 navem
475 1737 840 1804 magnitudine
866 1734 1070 1793 eximia,
1097 1733 1232 1782 saxis
1268 1746 1522 1793 arenaque
1548 1745 1577 1777 a
1600 1728 1785 1792 puppi⁷
1810 1743 1930 1776 one-

97 1822 277 1877 ratam,
303 1818 378 1866 ita
419 1821 480 1864 ut
522 1816 753 1864 multum
792 1829 945 1878 prora
986 1810 1249 1864 emineret,
1274 1808 1536 1856 bitumine
1578 1822 1638 1854 ac
1681 1804 1931 1870 sulphure

98 1895 287 1945 illitam
324 1892 478 1941 remis
505 1891 904 1941 concitaverunt
946 1890 998 1936 et
1038 1887 1095 1935 in
1138 1886 1325 1934 molem
1368 1883 1711 1946 impulerunt.
1791 1881 1931 1928 Tum

96 1987 249 2038 prora
274 1970 384 2034 ejus
410 1985 625 2018 accensa
661 1967 880 2032 remiges
920 1964 1169 2014 desiluere
1206 1961 1263 2010 in
1304 1961 1532 2023 scaphas,
1560 1974 1692 2022 quae
1729 1957 1795 2006 ad
1832 1957 1932 2006 hoc

97 2049 270 2113 ipsum
307 2049 636 2110 praeparatae
674 2045 1035 2108 sequebantur.
1108 2038 1271 2087 Navis
1313 2042 1489 2086 autem
1525 2035 1645 2099 igne
1682 2035 1932 2098 concepto

97 2125 256 2174 latius
293 2123 512 2172 sundere
547 2120 855 2170 incendium
891 2117 1075 2181 coepit,
1101 2114 1256 2180 quod,
1293 2112 1601 2177 priusquam
1634 2109 1826 2175 posset⁸
1852 2124 1933 2158 oc-

98 2201 272 2261 curri,⁹
300 2204 467 2249 turres
492 2202 544 2247 et
569 2201 737 2247 cetera
771 2212 926 2260 opera
950 2195 1006 2242 in
1032 2193 1199 2256 capite
1227 2190 1378 2239 molis
1413 2189 1580 2253 posita
1605 2187 1934 2250 comprehen-

99 2279 192 2328 dit.
260 2278 372 2327 Nec
396 2275 638 2325 incendio
665 2274 833 2323 solum
859 2287 1010 2336 opera
1035 2270 1360 2331 consumpta,
1382 2266 1469 2314 sed
1494 2265 1626 2312 forte
1652 2263 1828 2312 eodem
1854 2262 1936 2310 die

99 2354 494 2405 vehementior-¹⁰
521 2354 709 2401 ventus
736 2353 909 2399 totum
935 2363 996 2396 ex
1020 2345 1282 2411 profundo
1308 2358 1448 2391 mare
1472 2340 1623 2389 illisit
1646 2339 1703 2387 in
1729 2339 1934 2397 molem,

101 2431 395 2495 crebrisque
442 2428 692 2478 fiuctibus
728 2440 1003 2490 compages
1039 2420 1207 2487 operis
1241 2418 1637 2469 verberantibus
1672 2414 1935 2464 mediam¹¹

102 2509 292 2558 molem
319 2507 461 2555 unda
485 2507 646 2569 rupit.

171 2587 246 2632 19.
293 2584 402 2631 Rex
437 2583 559 2630 novi
596 2580 764 2644 operis
800 2578 990 2627 molem
1018 2590 1164 2624 orsus
1199 2572 1255 2621 in
1292 2570 1567 2620 adversum
1591 2570 1805 2618 ventum
1831 2584 1939 2616 non

69 2676 74 2685 ‘
104 2662 263 2711 latere
299 2659 387 2708 sed
422 2660 562 2706 recta
597 2658 769 2705 fronte
794 2653 1011 2714 direxit3
1051 2668 1108 2700 ea
1138 2652 1305 2699 cetera
1330 2663 1483 2711 opera
1517 2646 1791 2705 tuebatur,
1830 2644 1940 2692 lati-

116 2737 352 2787 tudinem
388 2750 591 2799 quoque
627 2732 800 2797 aggeri
837 2730 1037 2795 adjecit.
1116 2727 1229 2775 Nec
1265 2723 1426 2789 Tyrii,
1452 2721 1711 2787 quidquid
1745 2720 1810 2769 ad
1844 2721 1941 2767 im-

109 2813 426 2879 pediendum
471 2826 599 2875 opus
647 2807 927 2873 excogitari
975 2806 1192 2869 poterat,
1236 2801 1464 2866 segniter
1505 2798 1936 2862 exsequebantur.

107 2891 229 2941 Jam
264 2904 414 2953 aegro
441 2887 620 2936 animi¹
647 2884 947 2933 Alexandro
977 2897 1088 2940 nec,
1115 2875 1478 2944 perseveraret²
1505 2874 1588 2923 an'
1614 2873 1793 2932 abiret,
1819 2870 1942 2920 satis

169 3035 188 3057 ⁹
203 3036 274 3075 592,
292 3034 337 3067 R.
355 3034 386 3066 2.
435 3032 467 3054 ¹⁰
484 3032 557 3071 385,
575 3031 620 3063 R.
751 3028 773 3062 1
785 3028 828 3064 8.
856 3028 867 3050 ¹
885 3027 958 3066 346,
976 3026 1021 3059 R.
1039 3026 1071 3062 2.
1126 3024 1142 3046 2
1158 3024 1232 3056 430.
1292 3021 1308 3043 ³
1324 3021 1398 3055 387.
1454 3019 1469 3042 ⁴
1486 3020 1558 3052 582.
1616 3017 1632 3039 ⁶
1648 3017 1720 3055 503,
1740 3015 1784 3049 R.
1837 3014 1855 3036 ⁰
1869 3014 1933 3048 632

110 3086 126 3112 ἶ
142 3090 214 3129 388,
232 3089 275 3121 R.
294 3089 325 3120 2.
407 3086 422 3108 ⁸
439 3087 514 3119 579.
567 3096 579 3098 ’
594 3084 609 3105 ⁰
627 3083 699 3123 199,
716 3082 760 3116 R.
780 3084 808 3114 1.
884 3081 916 3102 ¹⁰
933 3081 1006 3113 312.
1091 3079 1121 3100 ¹¹
1140 3078 1211 3116 287,
1229 3077 1273 3110 R.
1430 3073 1507 3108 19.
1535 3073 1546 3094 ¹
1565 3071 1638 3110 374,
1657 3071 1700 3103 R.
1719 3071 1749 3103 3.
1839 3069 1854 3090 ²
1870 3068 1944 3102 258-

112 3141 127 3163 ⁸
143 3142 216 3175 463.
