2243 3465
671 184 744 220 DE
781 182 964 218 Gns‘fls
1000 178 1353 216 ALEXANDRL
1868 162 1932 212 55

103 319 242 369 ullus
265 318 410 367 locus
431 316 751 381 disciplinae¹
779 314 994 364 militari
1020 312 1185 377 magis
1209 310 1405 361 nocuit.
1476 308 1628 359 Nihil
1654 307 1796 356 urbis
1822 306 1932 371 ejus

104 397 399 459 corruptius
420 394 665 452 moribus,
686 392 820 441 nihil
842 393 905 441 ad
927 390 1204 438 irritandas
1224 388 1413 436 illicien
1423 386 1614 450 dasque
1634 384 1936 432 immodicas

104 472 418 536 cupiditates
444 469 766 519 instructius.
827 468 1069 516 Ceterum
1091 466 1211 530 quo²
1232 465 1408 512 minus
1429 463 1682 511 damnum
1704 461 1936 517 sentiret,

105 548 391 598 identidem
419 547 778 611 supplemento
804 544 1152 593 renovabatur
1171 541 1440 590 exercitus.
1509 539 1662 586 Tunc
1681 537 1939 601 Amyntas

106 628 168 676 ab
193 626 474 689 Antipatro
513 622 857 671 Macedonum
896 618 1151 683 peditum³
1177 618 1256 666 VI
1294 617 1437 665 milia
1463 614 1698 673 adduxit,
1724 613 1770 660 D
1798 628 1935 676 prae-

106 709 244 752 terea
268 700 498 765 ejusdem
534 699 735 763 generis
762 696 975 760 equites,
1003 711 1123 744 cum
1160 695 1242 743 his
1280 693 1372 742 DC
1407 692 1651 749 Thracas,
1678 689 1940 753 adjunctis

106 778 367 843 peditibus
409 775 492 824 ΙΙΙ
534 775 747 823 milibus
790 773 852 822 D.
941 772 1014 820 Et
1056 788 1116 820 ex
1162 770 1513 833 Peloponneso
1556 769 1942 815 mercennarius

108 856 255 902 miles
280 853 345 902 ad
370 852 448 901 IV
472 851 615 900 milia
640 851 919 899 advenerat
945 865 1066 897 cum
1094 845 1432 896 CCCLXXX
1453 843 1727 909 equitibus.
1777 841 1941 890 Idem⁴

108 933 367 993 Amyntas
393 928 678 977 adduxerat
702 927 746 975 L
763 926 1064 991 principum
1089 923 1420 972 Macedoniae
1440 922 1627 970 liberos
1648 919 1853 968 adultos
1879 917 1943 965 ad

79 1001 81 1003 ¹
109 1006 397 1056 custodian]
426 1005 665 1068 corporis.

177 1086 254 1132 31.
291 1084 463 1130 Aucto
497 1080 727 1129 exercitu
767 1079 896 1128 Susa
931 1078 1193 1142 profectus
1230 1078 1320 1125 est.
1398 1074 1599 1123 Urbem
1637 1072 1682 1121 ei
1719 1071 1943 1120 aditui-0¹

111 1161 367 1218 Abulites,
393 1157 619 1222 regionis
645 1157 754 1221 ejus
788 1156 1093 1220 praefectus,
1120 1170 1240 1202 cum
1267 1152 1416 1200 donis
1443 1150 1626 1214 regalis
1653 1147 1945 1212 opulentiae

112 1235 356 1285 occurrit.
406 1233 693 1282 Dromades
714 1232 895 1280 cameli
920 1232 1059 1279 inter
1078 1231 1215 1279 dona
1239 1232 1388 1277 erant
1406 1226 1695 1276 velocitatis
1715 1223 1946 1282 eximiae,

113 1313 224 1362 XII
250 1310 513 1375 elephanti
538 1326 566 1358 a
592 1310 759 1358 Dareo
781 1325 842 1357 ex
869 1308 1020 1356 India
1044 1307 1212 1356 acciti.
1277 1305 1356 1354 Ut
1375 1319 1493 1352 vero
1514 1303 1696 1350 urbem
1715 1299 1946 1357 intravit,

114 1388 472 1438 incredibilem
510 1403 570 1435 ex
609 1386 866 1434 thesauris
903 1400 1160 1433 summam
1199 1382 1450 1446 pecuniae
1492 1378 1694 1443 egessit.
1784 1375 1948 1424 Multi

115 1481 256 1530 reges
281 1468 453 1513 tantas
473 1479 592 1528 opes
616 1463 772 1526 longa
797 1465 961 1510 aetate
988 1460 1384 1509 cumulaverant
1408 1457 1585 1504 liberis
1611 1453 1947 1519 posterisque,

117 1548 176 1591 ut
200 1541 602 1598 arbitrabantur,
629 1555 754 1602 quas
779 1554 885 1586 una
911 1537 1037 1585 hora
1061 1536 1115 1583 in
1141 1534 1343 1584 externi
1379 1533 1514 1597 regis
1541 1546 1726 1579 manus
1751 1529 1945 1589 intulit.

182 1618 385 1667 Deinde
405 1616 602 1680 quartis
621 1614 799 1663 castris
819 1612 1056 1678 pervenit
1075 1612 1141 1661 ad
1158 1610 1457 1674 Pasitigrim
1474 1608 1709 1656 fiuvium.
1756 1605 1951 1654 Divisis

119 1711 240 1744 cum
261 1693 604 1742 Parmenione
625 1691 800 1755 copiis,
817 1690 967 1738 illum
991 1687 1265 1751 campestri
1286 1686 1471 1734 itinere
1491 1683 1765 1748 procedere
1786 1683 1952 1746 jubet,

118 1773 226 1836 ipse
253 1787 374 1820 cum
400 1769 638 1833 expedito
664 1767 869 1832 agmine
895 1766 1086 1830 jugum
1113 1764 1377 1813 montium
1404 1761 1554 1825 cepit,
1581 1775 1805 1824 quorum
1840 1775 1953 1822 per-

119 1856 338 1912 petuum
365 1847 575 1895 dorsum
600 1845 651 1893 in
682 1843 943 1892 Persidem
969 1841 1209 1891 excurrit.
1290 1838 1451 1888 Omni
1488 1838 1584 1886 hac
1610 1836 1816 1901 regione
1842 1851 1953 1884 vas-

120 1930 230 1974 tata
255 1924 437 1989 quinto
464 1922 545 1970 die
571 1920 854 1986 angustias,
881 1935 1007 1983 quas
1032 1918 1110 1965 illi
1139 1916 1348 1965 Susidas
1373 1915 1518 1979 pylas
1542 1918 1746 1971 vocant,
1776 1913 1953 1960 intrat.

121 2002 260 2050 Fuso
304 1999 666 2058 Ariobarzane,
710 1997 800 2060 qui
842 2012 923 2044 eas
966 1994 1234 2059 angustias
1278 1992 1484 2040 sortiter
1525 1989 1848 2046 defendebat,
1891 1988 1955 2036 ad

123 2078 331 2126 Araxen
357 2075 579 2124 fiuvium
614 2073 864 2138 pervenit,
892 2072 1031 2120 unde
1056 2070 1357 2134 expeditum
1384 2069 1480 2115 iter
1505 2065 1801 2128 Persepolin
1838 2065 1953 2113 fuit.

122 2154 347 2217 Jamque
381 2151 525 2200 haud
556 2150 737 2214 procul
762 2150 889 2198 urbe
926 2149 1088 2206 erant,
1127 2145 1265 2194 cum²
1302 2142 1593 2192 miserabile
1628 2157 1815 2206 agmen
1849 2139 1953 2203 regi

123 2229 363 2279 occurrit.
439 2226 643 2294 Captivi
678 2227 824 2274 erant
868 2223 1049 2273 Graeci
1091 2222 1156 2271 ad
1198 2225 1448 2285 quattuor
1489 2218 1634 2266 milia
1676 2219 1795 2276 fere,
1831 2232 1956 2281 quos

124 2306 308 2355 Persae
354 2304 495 2353 vario
543 2301 921 2366 suppliciorum
968 2299 1139 2348 modo³
1188 2298 1464 2346 affecerant
1485 2312 1497 2356 3
1553 2295 1678 2343 alios
1724 2293 1958 2356 pedibus,

125 2382 376 2446 quosdam
393 2379 633 2428 manibus
659 2378 973 2441 auribusque
1000 2374 1296 2438 amputatis,
1312 2372 1608 2435 inustisque
1625 2370 1959 2419 barbararum

124 2459 417 2507 litterarum
448 2457 600 2514 notis,
622 2454 675 2503 in
703 2455 922 2519 longum
949 2452 1236 2500 ludibrium
1262 2450 1661 2498 reservaverant.
1715 2446 1823 2494 Rex
1850 2446 1960 2493 abs-

126 2535 290 2593 tersis,
315 2549 445 2598 quas
469 2532 788 2596 profuderat,
818 2529 1062 2588 lacrimis,
1089 2529 1288 2576 bonum
1313 2526 1499 2573 habere
1525 2523 1762 2572 animum
1792 2521 1959 2585 jubet,

125 2612 326 2661 visuros
351 2610 502 2657 urbes
528 2623 645 2656 suas
670 2607 1034 2671 conjugesque.
1103 2604 1237 2652 Cum
1262 2601 1339 2649 illi
1364 2602 1612 2665 peterent,
1630 2600 1690 2646 ut
1714 2596 1960 2660 aliquam⁴

127 2688 251 2752 ipsis
276 2686 585 2735 attribueret
609 2685 665 2732 in
692 2683 817 2732 Asia
844 2683 1031 2740 sedem,
1058 2679 1224 2728 terna⁵
1249 2677 1394 2726 milia
1419 2674 1712 2724 denarium⁶
1739 2672 1960 2736 singulis

128 2764 238 2813 dari
259 2762 428 2827 jussit,
446 2761 606 2810 denae
621 2762 786 2809 vestes
812 2759 1038 2823 adjectae
1060 2759 1198 2814 sunt,
1221 2758 1272 2804 et
1297 2758 1531 2802 armenta
1548 2767 1668 2799 cum
1694 2750 1962 2813 pecoribus

142 2857 186 2888 ic
212 2840 477 2887 frumento
502 2837 639 2897 data,
666 2838 727 2883 ut
752 2836 851 2884 coli
878 2834 1076 2898 serique
1103 2831 1390 2881 attributus
1415 2830 1477 2877 iis
1502 2844 1622 2892 ager
1644 2828 1831 2890 posset.

194 2918 268 2964 32.
309 2915 536 2977 Jamque
578 2911 798 2971 barbari,
852 2911 1052 2959 deserto
1095 2907 1299 2971 oppido,
1343 2921 1445 2969 qua
1491 2918 1746 2968 quemque
1794 2901 1963 2948 metus

131 2991 326 3055 agebat,
354 2990 687 3053 diffugerant,
714 3003 835 3035 cum
860 3002 947 3034 rex
984 2984 1300 3049 phalangem
1327 2981 1479 3030 nihil¹
1507 2981 1786 3028 cunctatus
1811 2976 1964 3024 indu-

195 3109 273 3145 30.
300 3109 312 3132 ¹
330 3110 403 3142 345.
462 3108 478 3130 ²
495 3109 569 3148 545,
587 3109 618 3140 2.
683 3106 698 3129 ³
715 3107 786 3139 308.
846 3106 862 3128 ⁴
878 3106 951 3138 296.
1093 3103 1170 3139 31.
1198 3103 1211 3125 ¹
1229 3102 1302 3141 673,
1321 3102 1350 3134 1.
1417 3100 1432 3121 ²
1450 3100 1524 3133 582.
1584 3097 1598 3119 ³
1615 3098 1687 3137 403,
1705 3096 1750 3129 R.
1768 3096 1799 3128 2.
1859 3095 1874 3118 ⁴
1891 3095 1950 3129 301

135 3158 149 3179 5
163 3162 236 3195 310.
281 3161 296 3183 ⁸
312 3161 364 3201 29.
380 3161 426 3194 R.
445 3162 476 3195 3.
626 3158 705 3195 32.
734 3159 745 3180 1
763 3158 836 3198 443,
853 3157 900 3191 R.
922 3157 952 3188 2.
