2243 3465
233 160 295 206 40
928 167 1105 205 LATIN
1141 167 1382 203 READER.

233 319 324 352 suo
361 302 506 368 tegit,
539 302 703 352 hostis
739 317 956 351 manum
992 300 1165 366 gladio
1201 300 1468 365 praecidit.
1537 299 1628 349 Fit
1663 300 1848 366 ingens
1885 299 2071 350 deinde

231 380 408 429 caedes
445 380 734 439 Persarum,
761 378 851 444 qui
876 379 1070 428 virtute
1107 377 1455 426 Macedonum
1482 378 1712 441 superati
1737 381 1882 442 terga
1905 379 2070 427 verte-

181 447 185 450 *
230 460 374 504 runt.
1550 470 1553 472 ·

297 536 339 582 8.
378 533 502 581 Post
527 532 800 581 victoriam
838 530 1004 595 major
1037 547 1155 595 pars
1191 529 1508 579 Graecarum
1544 528 1600 578 in
1627 530 1753 579 Asia
1789 530 2065 579 civitatum

229 609 293 658 ad
315 609 676 658 Alexandrum
696 608 912 669 defecit3
945 607 1191 655 Miletum
1211 610 1262 656 et
1283 607 1712 656 Halicarnassum
1733 607 2070 671 expugnavit.

229 684 432 735 Deinde
457 702 549 751 per
575 686 804 751 Lyciam,
839 684 1219 750 Pamphyliam,
1247 683 1499 733 Pisidiam
1523 684 1788 748 profectus
1815 682 2070 731 Gordium

229 764 410 811 urbem
430 763 598 828 petiit,
621 779 750 827 quae
771 762 871 810 sita
891 763 967 810 est
993 761 1044 809 in
1055 765 1131 809 ter
1153 761 1434 826 Phrygiam
1463 759 1713 824 majorem
1731 763 1783 808 et
1801 759 2071 807 minorem.

228 840 371 889 Urbe
397 841 452 888 in
480 839 740 888 dicionem
778 854 925 887 suam
962 838 1170 887 redacta
1195 837 1231 887 J
1236 838 1344 887 ovis
1368 837 1627 901 templum
1663 837 1842 885 intrat.
1915 835 2072 884 Vehi-

229 919 427 976 culum,
449 917 568 981 quo¹
598 915 854 965 Gordium
879 931 1051 979 regem
1078 918 1288 962 vectum
1314 913 1438 962 esse²
1463 914 1750 972 constabat,
1772 912 1986 976 aspexit,
2013 911 2070 960 in

228 1010 330 1058 quo
352 993 542 1058 jugum
568 994 678 1041 erat
714 992 989 1040 astrictum
1014 991 1166 1040 nodis
1202 990 1258 1038 in
1297 990 1596 1053 semetipsos
1621 987 1914 1054 implicatis.
1984 988 2070 1036 In-

229 1069 354 1118 colis
390 1069 574 1118 deinde
595 1067 1010 1127 adfirmantibus,
1048 1067 1243 1115 editam
1279 1082 1384 1116 esse
1418 1067 1626 1115 oraculo
1664 1069 1870 1126 sortem,
1897 1065 2070 1114 Asiae³

228 1146 538 1211 potiturum,
580 1145 670 1210 qui
707 1144 1074 1209 inexplicabile
1112 1143 1388 1193 vinculum
1438 1143 1709 1203 solvisset,⁴
1747 1143 1834 1192 ille
1877 1142 2072 1192 solvere

227 1239 515 1288 aggressus,
543 1239 664 1271 cum
691 1222 860 1286 capita
888 1222 1116 1270 lororum
1153 1222 1295 1269 intra
1320 1220 1483 1269 nodos
1509 1219 1814 1269 abscondita
1850 1219 2071 1283 reperire

229 1321 329 1353 non
358 1308 555 1367 posset:
592 1302 757 1361 Nihil,
785 1301 974 1367 inquit,
1000 1302 1234 1364 interest,
1260 1300 1520 1366 quomodo
1546 1299 1851 1360 solvantur,⁵
1874 1299 2071 1365 gladio-

228 1397 327 1445 que
352 1380 552 1429 nodum
578 1379 802 1429 discidit.

298 1462 339 1505 9.
377 1457 584 1505 Interea
609 1456 810 1505 Dareus
841 1455 1022 1505 castris
1052 1454 1117 1504 ad
1155 1455 1473 1520 Babylonem
1500 1453 1697 1518 positis,
1726 1454 1846 1518 quo¹
1875 1453 2070 1518 majore

228 1536 403 1582 animo
430 1536 751 1597 capesserent
785 1533 997 1592 bellum,
1024 1532 1290 1581 universas
1317 1532 1448 1580 vires
1480 1531 1536 1579 in
1564 1534 1899 1595 conspectum
1926 1530 2071 1579 dedit

228 1614 279 1658 et
312 1610 362 1658 in
393 1609 716 1659 circumdato
742 1610 893 1669 vallo,
920 1609 1057 1673 quod
1083 1608 1260 1657 decem
1298 1608 1506 1656 milium
1543 1611 1863 1656 armatorum
1889 1623 2068 1656 nume·

229 1702 349 1735 rum
375 1686 612 1750 caperet,²
639 1686 826 1734 Xerxis
861 1686 1096 1749 exemplo
1123 1700 1402 1733 numerum
1428 1684 1696 1748 copiarum
1732 1683 1868 1732 iniit.
1941 1683 2070 1733 Orto

229 1764 335 1812 sole
361 1764 425 1812 ad
452 1765 659 1812 noctem
685 1761 910 1826 agmina,
930 1761 1085 1810 sicuti
1112 1761 1370 1825 descripta
1395 1763 1558 1820 erant,
1575 1760 1832 1809 intravere
1858 1760 2070 1810 vallum.

230 1840 359 1888 Inde
387 1839 574 1888 emissa
606 1840 996 1902 occupaverunt
1032 1838 1434 1901 Mesopotamiae
1459 1853 1679 1901 campos.
1754 1837 1916 1901 Cujus
1950 1839 2069 1886 tum

228 1916 590 1966 multitudinis
620 1919 831 1980 aspectu
857 1931 944 1964 rex
972 1915 1255 1964 admodum
1282 1915 1450 1963 laetus
1476 1918 1643 1962 castra
1667 1913 1732 1963 ad
1757 1913 2068 1978 Euphraten

229 1994 422 2042 moveri
457 1994 621 2057 jubet.
692 1993 868 2040 Patrio
906 2008 1047 2040 more
1088 1992 1363 2040 Persarum
1401 1991 1658 2039 traditum
1695 1992 1786 2049 est,
1812 1994 1925 2040 orto
1964 1990 2068 2040 sole

229 2071 441 2118 demum
466 2069 755 2134 procedere.
826 2068 923 2117 Die
944 2069 1053 2133 jam
1080 2067 1276 2116 illustri
1303 2068 1511 2132 signum
1531 2084 1556 2116 e
1579 2068 1914 2116 tabernaculo
1934 2068 2068 2132 regis

230 2147 424 2195 bucina
459 2147 693 2195 dabatur.
771 2145 938 2207 Super
972 2145 1388 2204 tabernaculum,
1416 2144 1554 2192 unde
1589 2145 1652 2192 ab
1678 2143 1922 2193 omnibus
1948 2159 2068 2193 con-

231 2222 358 2287 spici
384 2222 588 2287 posset,²
609 2222 779 2286 imago
801 2221 921 2270 solis
942 2221 1182 2286 crystallo
1205 2221 1406 2269 inclusa
1426 2221 1673 2284 fulgebat.
1733 2220 1872 2269 Ordo
1892 2223 2069 2269 autem

231 2299 457 2364 agminis
483 2301 592 2347 erat
617 2298 748 2346 talis.
821 2297 982 2362 Ignis,
1009 2291 1164 2361 quem
1190 2297 1289 2362 ipsi
1315 2312 1522 2346 sacrum
1547 2300 1599 2344 et
1623 2298 1897 2345 aeternum
1921 2312 2068 2346 voca-

232 2377 375 2435 bant,
396 2375 652 2440 argenteis
676 2374 946 2423 altaribus³
968 2374 1364 2438 praeferebatur.
1430 2373 1572 2437 Magi
1590 2374 1817 2436 proximi
1836 2374 2068 2438 patrium

232 2469 442 2501 carmen
463 2452 730 2500 canebant.
795 2451 975 2515 Magos
1001 2449 1217 2499 trecenti
1239 2452 1288 2498 et
1314 2450 1583 2514 sexaginta
1603 2450 1834 2514 quinque
1859 2449 2068 2500 iuvenes

233 2530 581 2593 sequebantur
605 2527 843 2591 puniceis
880 2527 1121 2575 amiculis
1145 2526 1316 2585 velati,
1344 2526 1526 2575 diebus
1562 2525 1725 2575 totius
1761 2526 1887 2574 anni
1922 2542 2068 2590 pares

233 2622 477 2654 numero:
515 2606 706 2668 quippe
743 2603 929 2652 Persis⁴
956 2619 1161 2668 quoque
1187 2603 1241 2651 in
1272 2603 1489 2651 totidem
1530 2602 1638 2652 dies
1675 2602 1966 2666 descriptus
1991 2605 2068 2652 est

235 2699 418 2731 annus.
493 2681 719 2730 Currum
746 2680 932 2729 deinde
958 2681 1067 2728 Iovi
1094 2682 1355 2728 sacratum
1381 2679 1612 2728 albentes
1637 2679 1895 2728 vehebant
1920 2680 2067 2744 equi:

233 2760 326 2806 hos
361 2758 579 2806 eximiae
617 2756 1000 2821 magnitudinis
1036 2773 1213 2820 equus,
1248 2772 1402 2820 quem
1441 2755 1574 2805 Solis
1610 2755 1956 2820 appellabant,
1994 2772 2067 2804 se-

233 2836 502 2898 qur-batur.
589 2836 790 2882 Aureae
833 2833 1005 2897 virgae
1053 2837 1106 2881 et
1151 2833 1295 2881 albae
1338 2835 1502 2881 vestes
1549 2838 1771 2881 rectores
1813 2847 2065 2895 equorum

234 2912 570 2959 adornabant.
647 2909 807 2957 Haud
844 2910 1025 2972 procul
1063 2913 1211 2958 erant
1247 2909 1488 2957 vehicula
1523 2909 1700 2957 decem
1737 2907 1905 2956 multo
1941 2924 2065 2956 auro

235 2995 549 3051 argentoque
575 2987 781 3035 caelata.
863 2986 1186 3049 Sequebatur
1212 2985 1337 3033 haec
1362 2986 1625 3049 equitatus
1651 2983 1923 3033 duodecim
1949 3000 2066 3048 gen·

237 3158 252 3182 ι
300 3108 345 3143 8.
372 3109 382 3129 ¹
401 3109 473 3140 387.
533 3108 548 3129 2
565 3108 638 3147 530,
657 3107 698 3139 R.
761 3107 775 3128 ³
793 3107 866 3148 405,
885 3107 929 3140 R.
948 3108 978 3140 3.
1038 3106 1053 3129 ⁴
1068 3108 1140 3140 516.
1202 3106 1217 3128 ⁵
1232 3106 1306 3146 382,
1323 3105 1354 3146 2,
1370 3106 1444 3139 469.
1610 3105 1659 3141 9·
1686 3104 1698 3127 ¹
1717 3104 1789 3145 545,
1807 3104 1838 3138 2.
1897 3104 1913 3126 ²
1929 3104 2001 3140 632,
2019 3103 2060 3138 R.

266 3159 337 3192 887.
384 3160 398 3181 ⁴
415 3162 486 3193 352.
