2243 3465
687 132 760 168 DE
796 131 979 169 GEsns
1014 131 1367 170 ALEXANDRI.
1885 124 1946 171 69

119 262 411 312 discrimen.
520 262 747 312 Centum
795 265 1071 329 quadrigas
1118 267 1170 313 et
1217 266 1466 329 quattuor
1513 264 1659 313 milia
1706 265 1942 328 equitum

119 339 347 387 venienti
394 339 591 404 agmini
639 340 839 403 objecit.
927 341 1145 389 Summa
1192 341 1383 388 virium
1431 343 1540 389 erat
1588 341 1642 389 in
1694 342 1945 390 curribus.

118 415 311 464 Senos¹¹
339 415 477 464 viros
510 415 706 480 singuli
732 418 1004 476 vehebant,
1030 417 1159 465 duos
1185 417 1448 480 clipeatos,
1475 417 1604 466 duos
1641 416 1946 481 sagittarios,

118 493 180 540 ab
213 500 435 555 utroque
469 492 626 540 latere
653 492 957 556 dispositos;
995 494 1202 557 aurigae
1227 499 1376 541 erant
1413 494 1581 540 ceteri.
1653 493 1872 557 Scythae
1898 501 1947 540 et

118 568 293 616 Dahae
330 567 487 631 primi
513 568 751 616 omnium
787 568 1092 616 invaserunt
1122 568 1296 616 Indos.
1365 569 1400 618 J
1405 585 1489 617 am
1513 568 1744 632 undique
1770 585 1948 633 pugna

118 660 165 692 se
208 648 451 702 moverat,
491 659 612 692 cum
648 644 719 704 hi,
758 645 849 708 qui
886 660 1069 693 currus
1110 645 1384 709 agebant,¹²
1422 645 1595 693 effusis
1636 645 1851 693 habenis
1893 646 1947 692 111

117 721 346 768 medium
375 719 652 768 discrimen
688 736 836 768 ruere
862 724 1154 784 coeperunt.
1222 721 1431 784 Anceps
1468 721 1521 769 id
1559 721 1756 769 malum
1798 721 1946 769 utris-

117 813 212 858 que
239 800 360 844 erat.
438 796 578 843 Nam
613 798 665 844 et
701 796 1050 844 Macedonum
1085 796 1284 860 pedites
1319 797 1486 861 primo
1522 797 1723 860 impetu
1754 797 1947 845 obtere-

116 872 322 930 bantur,
349 873 401 919 et
434 887 526 934 per
560 871 703 920 invia
738 872 957 921 immissi
995 889 1179 921 currus
1216 873 1550 921 excutiebant
1581 889 1676 932 eos,
1705 889 1734 921 a
1759 874 1948 937 quibus

115 948 426 1010 regebantur
441 947 493 1008 3¹²²
520 947 741 996 aliorum
767 949 964 997 turbati
990 949 1109 1013 equi
1145 953 1201 997 in
1238 966 1445 998 amnem
1470 949 1947 1012 praecipitaverunt

116 1023 375 1072 curricula
391 1039 404 1084 3
442 1024 594 1087 pauci
621 1025 736 1072 telis
771 1026 1003 1073 hostium
1029 1026 1195 1073 exacti
1232 1029 1638 1089 penetraverunt
1662 1025 1727 1073 ad
1752 1025 1947 1073 Porum

115 1099 362 1148 acerrime
386 1116 619 1164 pugnam
641 1101 876 1150 cientem.
952 1101 1262 1150 Macedones
1287 1101 1685 1164 elephantorum
1710 1105 1948 1164 aspectus

113 1191 390 1239 parumper
413 1175 663 1236 inhibuit,
693 1175 783 1239 qui
809 1175 1044 1239 dispositi
1063 1176 1200 1225 inter
1226 1182 1450 1227 armatos
1474 1177 1692 1242 speciem
1718 1178 1949 1226 turrium

113 1253 294 1316 procul
312 1253 555 1302 fecerant.
630 1254 704 1300 At
730 1251 1024 1300 Alexander
1048 1269 1164 1301 suos
1185 1253 1494 1303 cohortatus>
1511 1254 1736 1303 concitat
1757 1271 1950 1318 equum

114 1333 340 1395 primus3
373 1332 598 1396 jamque,
629 1336 689 1379 ut
714 1330 1034 1380 destinatum
1060 1335 1182 1391 erat,
1207 1332 1466 1381 invaserat
1490 1333 1695 1383 ordines
1720 1333 1950 1382 hostium

115 1424 237 1456 cum
276 1408 476 1457 Coenus
511 1408 713 1473 ingenti
743 1408 790 1456 vi
827 1407 882 1456 in
917 1407 1125 1457 laevum
1160 1424 1323 1457 cornu
1359 1408 1642 1459 invehitur.
1715 1410 1950 1459 Phalanx

115 1500 321 1548 quoque
346 1485 572 1533 mediam
598 1484 852 1532 Indorum
877 1485 1038 1532 aciem
1069 1501 1172 1533 uno
1196 1484 1395 1548 impetu
1421 1487 1672 1549 perrupit.

182 1566 256 1612 53.
298 1564 462 1612 Porus
498 1566 673 1612 tamen
714 1564 954 1628 colligere
991 1564 1260 1627 dispersos,
1292 1564 1475 1613 obvius
1501 1566 1636 1614 hosti
1674 1565 1747 1614 ire
1783 1566 1954 1630 pergit

114 1640 517 1704 elephantosque
543 1643 663 1688 ante
689 1656 875 1704 agmen
901 1657 1115 1689 suorum
1137 1641 1218 1705 agi
1235 1640 1399 1704 jubet.
1471 1642 1594 1691 Post
1611 1658 1695 1691 eos
1711 1645 1951 1706 posuerat

114 1717 342 1780 peditem
391 1733 449 1765 ac
486 1717 780 1781 sagittarios
817 1720 868 1765 et
905 1721 1151 1782 tympana
1185 1718 1387 1780 pulsare
1424 1718 1612 1767 solit-os.
1694 1719 1948 1783 Magnum

115 1793 295 1843 beluae
331 1793 552 1857 injecere
588 1796 853 1852 terrorem,
880 1793 1227 1857 insolitusque
1264 1794 1454 1842 stridor
1489 1811 1594 1843 non
1622 1811 1775 1859 equos
1801 1796 1952 1843 modo

117 1870 204 1918 sed
238 1869 374 1918 viros
411 1886 617 1934 quoque
654 1869 960 1933 ordinesque
996 1870 1313 1918 turbaverat.
1386 1871 1671 1934 Praecipue
1707 1871 1952 1919 terribilis

115 1946 206 1994 illa
239 1947 396 1995 facies
433 1951 556 2004 erat,
583 1963 705 1994 cum
740 1963 902 1994 manu
939 1962 1083 1995 arma
1110 1947 1344 2010 virosque
1382 1948 1701 2010 corriperent
1727 1951 1777 1996 et
1802 1963 1951 2011 super

115 2039 166 2071 se
190 2023 490 2086 regentibus
517 2023 790 2071 traderent.
867 2023 1074 2086 Anceps
1099 2039 1219 2086 ergo
1244 2038 1422 2087 pugna
1447 2040 1589 2072 nunc
1606 2040 1793 2088 sequen
1804 2024 1950 2082 tium,

115 2115 258 2148 nunc
292 2099 611 2163 fugientium
647 2099 946 2162 elephantos
972 2099 1025 2146 in
1054 2100 1285 2147 multum
1309 2099 1428 2147 diei1
1454 2100 1658 2149 varium
1685 2108 1948 2148 certamen

115 2176 358 2234 extraxit,
386 2175 548 2223 donec
586 2176 852 2223 securibus
886 2175 1038 2238 pedes
1074 2175 1347 2223 beluarum
1385 2178 1435 2223 et
1471 2192 1654 2224 manus
1680 2182 1950 2240 amputare

116 2255 407 2315 coeperunt.
491 2251 631 2316 Ergo
679 2251 943 2315 elephanti
980 2252 1286 2299 vulneribus
1335 2252 1545 2300 tandem
1593 2253 1796 2317 fatigati
1834 2269 1952 2302 suos

114 2328 315 2392 impetu
340 2332 598 2387 sternunt,
627 2332 693 2389 et,
725 2329 815 2392 qui
841 2330 1084 2376 rexerant
1104 2328 1220 2387 eos,²
1240 2328 1566 2391 praecipitati
1593 2330 1645 2376 111
1672 2334 1860 2378 terram
1887 2331 1952 2378 ab

114 2404 240 2467 ipsis
264 2405 644 2453 obterebantur.
715 2405 881 2452 Porus
906 2404 1190 2453 destitutus
1216 2421 1245 2452 a
1272 2405 1512 2467 pluribus
1535 2406 1636 2453 tela
1655 2405 1710 2452 in
1732 2406 1952 2454 circum-

115 2481 257 2529 fusos
282 2497 342 2529 ex
370 2481 646 2544 elephanto
676 2497 768 2529 suo
794 2480 1158 2545 magnitudine
1181 2480 1319 2528 inter
1343 2485 1536 2529 ceteros
1561 2481 1823 2529 eminente
1844 2498 1951 2530 coe-

115 2558 193 2621 pit
218 2557 467 2621 ingerere,
488 2557 772 2621 multisque
797 2557 1000 2605 eminus
1019 2557 1304 2605 vulneratis
1324 2556 1588 2619 expositus
1607 2557 1715 2620 ipse
1736 2558 1799 2605 ad
1816 2559 1951 2607 ictus

116 2634 350 2698 undique
375 2634 662 2697 petebatur.
739 2634 939 2682 Novem
961 2633 1070 2696 jam
1095 2633 1313 2681 vulnera
1335 2632 1460 2681 111110
1485 2637 1641 2697 tergo,
1666 2633 1814 2682 illinc
1838 2650 1951 2697 pec-

117 2714 225 2759 tore
251 2712 535 2773 exceperat,
557 2725 678 2758 cum
701 2709 855 2758 belna
880 2709 1132 2757 instincta
1155 2709 1293 2757 rabie
1318 2708 1527 2757 invecta
1550 2713 1626 2758 est
1650 2709 1705 2757 in
1730 2711 1950 2769 ordines,

117 2788 280 2835 donec
316 2789 484 2835 rector
521 2786 698 2834 beluae
723 2802 896 2850 regem
922 2785 1192 2848 conspexit
1218 2785 1504 2834 fluentibus
1530 2786 1774 2834 membris
1800 2787 1950 2834 omis-

117 2862 284 2926 sisque
322 2862 478 2910 armis
516 2861 599 2909 vix
637 2864 930 2925 compotem
965 2861 1191 2910 111011118.3
1260 2863 1394 2909 Τ11111
1433 2862 1640 2910 beluam
1680 2861 1733 2909 in
1772 2862 1948 2926 fugam

117 2938 357 2987 concitat.
444 2937 542 2986 Sed
590 2937 899 3001 elephantus
935 2954 1156 3002 quoque,
1194 2937 1284 3001 qui
1323 2938 1492 2986 multa
1527 2948 1790 3001 exceperat
1827 2937 1947 2997 tela,

309 3111 341 3134 ¹¹
357 3111 430 3144 310.
520 3110 552 3132 ¹2
570 3110 643 3150 626,
660 3109 705 3143 R.
958 3109 1040 3145 53.
1089 3110 1099 3131 ¹
1119 3110 1191 3146 371.
1209 3109 1253 3142 R.
1273 3110 1302 3142 3.
1391 3109 1406 3130 2
1422 3109 1496 3144 626.
1515 3107 1560 3140 R.
1648 3107 1663 3129 ³
1681 3108 1755 3141 373.
