2243 3465
287 173 349 222 62
978 187 1154 230 LA'rm
1189 189 1427 228 READER.

285 333 405 366 cum
441 317 622 381 ‘paucis
667 318 777 368 Oxo
818 336 971 370 amne
1014 325 1269 387 superam,
1308 324 1607 389 exustisque
1647 327 1882 393 navigiiS,
1928 330 2118 394 quibus

285 395 574 454 transierat,
602 411 667 443 ne
691 395 876 445 iisdem
912 398 1076 447 hostis
1103 403 1352 459 uteretur,
1381 417 1536 450 novas
1563 403 1734 466 copias
1761 404 1815 453 in
1843 406 2117 471 Sogdianis

283 471 637 520 contrahebat.
759 473 1023 522 Venturos
1071 477 1245 523 autem
1292 477 1622 540 praedicabat
1681 479 2007 531 Chorasmios
2068 487 2117 531 et

283 544 459 594 Dahas
502 546 754 613 Sacasque
795 551 847 598 et
888 550 1048 600 Indos
1090 555 1140 599 et
1182 552 1322 602 ultra
1346 553 1598 602 Jaxarten
1643 571 1850 605 amnem
1893 559 2116 608 colentes

283 621 513 687 Scythas,

348 699 656 750 Bactrianae
683 703 847 750 terrae
872 704 1149 767 multiplex
1171 707 1222 753 et
1240 704 1382 754 varia
1406 710 1596 755 natura
1620 709 1709 756 est.
1778 709 1922 759 Alibi
1949 712 2116 760 multa

280 775 449 823 arbor³
475 779 526 824 et
551 777 674 826 vitis
698 777 867 842 largos
892 780 1147 844 mitesque
1172 782 1376 830 fructus
1397 783 1504 843 alit,
1532 785 1699 833 solum
1726 785 1921 851 pingue
1949 788 2115 836 crebri

279 851 449 900 sontes
475 852 676 916 rigant3
715 870 843 918 quae
868 856 1076 905 mitiora
1101 861 1240 917 sunt,
1268 859 1531 909 frumento
1559 869 1920 923 conseruntur,
1948 868 2116 913 cetera

279 932 636 978 armentorum
672 931 864 994 pabulo
891 932 1099 982 cedunt.
1170 934 1419 999 Magnam
1446 937 1631 986 deinde
1656 941 1857 1001 partem
1883 940 2114 1004 ejusdem

278 1004 442 1052 terrae
489 1006 686 1055 steriles
733 1007 954 1057 harenae
997 1013 1206 1071 tenent3
1260 1012 1495 1075 squalida
1537 1013 1767 1063 siccitate
1816 1016 1956 1080 regio
2006 1033 2111 1065 non

277 1079 560 1141 hominem,
599 1099 701 1131 11011
742 1084 946 1149 frugem
982 1086 1087 1135 alit.
1164 1087 1298 1135 Cum
1337 1104 1453 1137 vero
1480 1089 1619 1138 venti
1658 1108 1687 1139 a
1724 1091 1944 1141 Pontico
1980 1093 2112 1141 mari

278 1158 492 1220 spirant,
519 1160 776 1223 quidquid
814 1162 1036 1210 harenae
1073 1162 1129 1211 111
1157 1164 1351 1228 campis
1383 1165 1535 1229 jacet,
1562 1170 1891 1216 converrunt.
1963 1169 2113 1228 Quod

277 1234 367 1282 ubi
416 1236 744 1284 cumulatum
792 1240 882 1296 est,
930 1254 1241 1303 magnorum
1292 1242 1505 1290 collium
1552 1245 1735 1306 procul
1784 1245 1973 1309 species
2020 1250 2109 1305 est,

276 1310 552 1375 omniaque
576 1312 787 1375 pristini
813 1314 1015 1364 itineris
1041 1317 1259 1381 vestigia
1282 1318 1568 1366 intereunt.
1633 1320 1811 1384 [taque
1831 1322 1919 1385 (1111
1946 1326 2111 1371 trans-

276 1390 405 1435 eunt
447 1404 653 1452 campos
694 1389 1061 1453 navigantium
1103 1393 1255 1441 modo
1298 1397 1460 1442 noctu
1503 1395 1669 1444 sidera
1711 1398 2003 1457 observant,
2046 1400 2111 1448 ad

275 1479 497 1527 quorum
536 1480 748 1513 cursum
792 1467 891 1514 iter
932 1467 1183 1532 dirigunt.
1259 1468 1503 1519 Ceterum
1546 1472 1587 1520 si
1632 1488 1760 1536 quos
1795 1473 1883 1522 ille
1908 1479 2110 1537 ventus,

275 1541 364 1604 qui
389 1558 418 1590 a
437 1541 567 1589 mari
587 1542 829 1602 exoritur,
849 1543 1203 1607 deprehendit,
1221 1546 1415 1595 harena
1434 1548 1623 1596 obruit.
1684 1548 1783 1597 Sed
1807 1566 1910 1614 qua
1934 1551 2111 1599 mitior

274 1620 410 1666 terra
451 1620 543 1675 est,
580 1619 766 1683 ingens
807 1620 1085 1669 hominum
1130 1638 1486 1687 equorumque
1528 1625 1816 1674 multitudo
1859 1627 2110 1691 gignitur.

273 1693 394 1756 Ipsa
419 1694 622 1754 Bactra,
650 1695 875 1759 regionis
911 1697 1020 1761 ejus
1046 1703 1217 1761 caput,
1246 1699 1344 1748 sita
1380 1702 1505 1749 sunt
1541 1701 1636 1749 sub
1673 1705 1851 1751 monte
1887 1703 2109 1769 Parapa-

272 1772 417 1820 miso.
493 1772 597 1821 Hic
622 1789 711 1821 rex
739 1774 927 1822 stativa
952 1776 1151 1825 habuit.

338 1851 415 1896 43.
444 1847 670 1897 Sarcinis
696 1849 1186 1915 impedimentisque
1205 1868 1326 1901 cum
1352 1853 1604 1917 praesidio
1630 1855 1839 1915 relictis,
1858 1855 1965 1920 ipse
1987 1874 2106 1906 cum

272 1924 511 1988 expedito
554 1926 760 1990 agmine
803 1927 918 1975 loca
959 1928 1159 1976 deserta
1203 1928 1584 1993 Sogdianorum
1627 1931 1806 1991 intrat,
1846 1939 2106 1983 nocturno

271 2000 456 2049 itinere
476 2002 760 2050 exercitum
783 2003 991 2052 ducens.
1062 2005 1160 2053 Per
1184 2006 1567 2070 quadringenta
1593 2006 1757 2055 stadia
1780 2023 1845 2057 ne
1871 2010 2105 2060 modicus

270 2077 479 2140 quidem
517 2094 670 2126 umor
705 2079 917 2128 exsistit.
998 2081 1235 2130 Harenas
1271 2098 1431 2145 vapor
1465 2083 1644 2132 aestivi
1683 2084 1802 2133 solis
1837 2087 2104 2149 accendit3

271 2169 401 2218 quae
426 2154 515 2203 ubi
553 2155 767 2217 flagrare
793 2158 1107 2220 coeperunt,1
1135 2158 1277 2206 haud
1315 2174 1459 2207 secus
1493 2160 1669 2223 quam²
1696 2162 1991 2210 continenti
2027 2164 2104 2211 in-

270 2230 451 2278 cendio
473 2234 666 2279 cuncta
692 2236 969 2281 torrentur.
1039 2234 1381 2282 Nocturnum
1408 2235 1507 2283 iter
1531 2236 1794 2286 tolerabile
1815 2238 2098 2296 videbatur,

269 2306 392 2369 quia
431 2322 541 2355 rore
579 2309 630 2354 et
669 2308 930 2357 matutino
969 2310 1159 2373 frigore
1199 2325 1412 2374 corpora
1453 2311 1773 2360 levabantur.
1859 2314 2103 2363 Ceterum

269 2381 410 2430 cum³
447 2383 558 2446 ipsa
595 2383 710 2432 luce
749 2387 919 2432 aestus
956 2387 1138 2445 oritur,
1181 2402 1491 2451 omnemque
1531 2388 1825 2437 naturalem
1865 2390 2104 2440 absorbet

270 2475 503 2507 umorem
533 2459 766 2520 siccitas3
804 2477 891 2509 ora
914 2462 1208 2526 visceraque
1243 2463 1452 2526 penitus
1477 2467 1722 2513 uruntur.
1792 2465 1975 2529 Itaque
1999 2467 2102 2531 pri-
2161 2530 2163 2532 Ι

269 2535 434 2582 1111111141
461 2535 639 2594 animi,
677 2536 862 2584 deinde
900 2553 1111 2600 corpora
1148 2538 1362 2588 deficere
1399 2544 1695 2603 coeperunt.
1770 2541 2002 2590 Tandem
2038 2544 2101 2592 ad

267 2613 464 2660 flumen
493 2613 668 2662 Oxum
693 2615 800 2679 ipse
826 2618 1060 2680 pervenit
1096 2618 1265 2681 prima
1289 2620 1392 2667 fere
1419 2634 1638 2683 vespera.
1710 2618 1810 2668 Sed
1847 2622 2100 2671 exercitus

266 2704 458 2753 magna
482 2706 598 2753 pars
625 2707 728 2739 11011
758 2695 998 2754 potuerat
1019 2694 1275 2757 consequi.
1335 2694 1399 2743 In
1421 2694 1562 2743 edito
1586 2697 1762 2744 monte
1784 2696 1929 2760 ignes
1950 2697 2100 2761 jubet

269 2766 390 2821 fieri,
420 2767 482 2813 ut
522 2765 574 2824 11,
602 2767 691 2830 (1111
734 2784 881 2832 aegre
924 2771 1286 2832 sequebantur,
1321 2771 1462 2819 haud
1504 2772 1686 2835 procul
1729 2774 1927 2821 castris⁵
1964 2775 2098 2838 ipsos

267 2842 438 2889 abesse
477 2847 856 2906 cognoscerent.
951 2846 1135 2893 Totam
1174 2863 1285 2894 eam
1328 2849 1536 2895 noctem
1583 2848 1693 2911 ipse
1742 2864 1860 2897 011111
1911 2865 2098 2913 magno

266 2917 430 2964 animi
456 2928 604 2966 motu
631 2920 891 2982 perpetuis
911 2921 1104 2984 vigiliis
1126 2922 1245 2986 egit.
1303 2922 1414 2972 Nec
1438 2927 1643 2987 postero
1665 2924 1746 2972 die
1772 2924 1954 2972 laetior
1971 2932 2095 2985 erat,

265 2992 387 3055 quia
411 3009 506 3042 nec
533 2994 737 3058 navigia
773 2995 1009 3056 habebat,
1038 3013 1132 3045 nec
1156 3013 1286 3061 pons
1312 2998 1438 3063 erigi
1473 3001 1690 3062 poterat.
1759 3000 1940 3063 Itaque
1966 3001 2093 3048 utri·

344 3159 361 3182 ⁸
379 3161 451 3202 195,
468 3160 511 3195 R.
529 3161 562 3196 8.
768 3162 849 3198 43.
877 3163 888 3186 ¹
908 3164 979 3197 569.
1046 3165 1061 3186 ²
1078 3165 1150 3206 646,
1168 3165 1212 3199 R.
1231 3166 1263 3198 2.
1329 3165 1343 3188 ³
1360 3167 1433 3207 393,
1452 3167 1497 3200 R.
1563 3166 1578 3188 ⁴
1594 3167 1667 3206 324,
1685 3166 1729 3200 R.
1747 3167 1777 3199 7.
1845 3165 1861 3187 ⁶
1876 3166 1948 3206 418,
1966 3166 2012 3200 R.
