2243 3465
221 123 285 171 38
911 127 1087 165 LATIN
1123 124 1362 162 READER.

221 281 374 314 neam
408 263 618 329 proelio,
638 261 895 322 interfuit,
919 261 976 309 in
1002 276 1105 325 quo
1130 274 1287 323 penes
1312 272 1430 305 eum
1457 253 1676 305 victoria
1712 253 1910 302 stetisse
1935 250 2059 300 dici·

228 344 325 391 tur.
394 341 459 390 In
502 357 665 389 cornu
701 338 857 398 enim,
895 338 979 386 cui
1021 336 1269 401 praeerat,
1305 332 1521 380 initium
1557 329 1801 380 vincendi
1844 330 2058 386 factum,

168 457 172 460 -
225 434 367 467 sacra
391 417 761 466 Thebanorum
787 415 1009 476 cohorte,
1030 429 1160 478 quae
1179 427 1238 460 ex
1264 407 1558 459 lectissimis
1578 406 1864 465 constabat,
1885 404 2058 469 profli-

224 500 357 560 gata.

293 575 337 620 3.
381 570 665 634 Postquam
696 567 972 631 Philippus
1001 564 1157 630 Aegis
1193 571 1407 612 necatus
1432 561 1539 619 est,¹
1566 560 1735 624 prima
1759 556 2059 606 Alexandro

226 664 350 697 cura
373 649 709 711 paternarum
734 643 1094 708 exsequiarum
1120 641 1234 699 fuit,
1256 640 1311 687 in
1337 638 1526 703 quibus
1552 642 1672 685 ante
1694 634 1870 683 omnia
1893 632 2059 682 caedis

226 723 456 773 conscios
482 723 547 772 ad
574 722 839 771 tumulum
865 719 1028 784 patris
1053 716 1216 767 occidi
1236 714 1405 781 jussit.
1470 713 1575 763 Soli
1602 710 1901 760 Alexandro
1929 709 2061 774 Lyn-

226 806 390 848 cestae
437 798 679 864 pepercit,
729 797 819 862 qui
866 812 1039 860 regem
1086 810 1204 843 eum
1251 791 1451 856 primus
1499 790 1827 838 salutaverat.
1921 786 2060 834 Tum

227 879 405 941 gentes
441 876 751 925 rebellantes
788 872 1057 937 oppressit,
1083 870 1307 920 orientes
1343 866 1627 916 nonnullas
1665 864 1942 913 seditiones
1979 879 2062 910 ex-

227 953 428 1003 stinxit.
499 954 561 1000 In
589 951 859 1001 Graeciam
884 947 1163 1012 improviso
1191 945 1508 1007 celeriusque
1534 942 1773 990 omnium
1800 937 2061 1004 opinione²

227 1031 501 1096 profectus,
543 1029 728 1094 legatis
771 1026 1048 1076 civitatum
1092 1022 1420 1087 singularum
1466 1018 1782 1067 Corinthum
1823 1016 2062 1075 evocatis,

226 1107 456 1173 perfecit,
484 1109 545 1155 ut
577 1119 816 1153 summus
842 1102 1152 1152 Graecorum
1186 1099 1466 1162 imperator
1490 1096 1544 1143 111
1572 1093 1732 1158 patris
1757 1095 1931 1141 locum
1957 1092 2063 1140 suf-

227 1185 480 1234 ficeretur.
562 1182 719 1230 Forte
759 1183 875 1228 tum
918 1177 1058 1242 apud
1101 1174 1413 1225 Corinthum
1457 1172 1512 1220 in
1558 1172 1752 1220 Craneo
1793 1170 1912 1218 luco
1955 1169 2065 1216 erat

228 1261 503 1325 Diogenes,
530 1259 620 1322 qui
656 1258 711 1306 in
749 1258 898 1305 tanto
923 1254 1201 1303 hominum
1230 1265 1484 1300 concursu
1515 1256 1651 1296 unus
1678 1247 1739 1296 de
1766 1245 2064 1294 Alexandro

228 1338 366 1387 nihil
400 1337 680 1386 laborabat.
751 1335 859 1383 Rex
887 1331 1109 1395 cupidus
1146 1329 1256 1393 ejus
1280 1326 1512 1377 videndi3
1540 1342 1660 1374 eum
1697 1322 1991 1372 accessisset
2015 1322 2066 1368 et

229 1417 447 1480 rogaret,
469 1415 529 1462 ut
554 1413 762 1471 diceret,
784 1409 826 1459 si
852 1408 978 1473 quid
1004 1422 1133 1470 opus
1159 1407 1315 1453 esset:
1353 1404 1514 1451 Nunc
1535 1401 1747 1466 quidem
1772 1397 2065 1463 paululum,

229 1490 405 1555 inquit
443 1489 685 1554 Cynicus,
711 1504 740 1536 a
776 1487 893 1535 sole.
966 1484 1220 1534 Offecerat
1252 1479 1493 1530 videlicet
1530 1476 1798 1542 apricanti.
1869 1474 2068 1523 Pariter

230 1582 537 1630 responsum
573 1567 728 1628 atque
763 1562 1033 1612 hominem
1069 1559 1357 1608 admiratus
1396 1555 1609 1604 Macedo
1647 1553 1836 1602 dixisse
1875 1552 2068 1600 fertur:

230 1645 363 1703 Nisi,
389 1640 708 1691 mehercule!
744 1639 1042 1688 Alexander
1066 1652 1242 1694 essem,
1268 1634 1528 1697 Diogenes
1553 1647 1658 1680 esse
1684 1630 1880 1679 vellem.

298 1722 342 1768 4.
379 1719 696 1768 Incohatum
733 1716 920 1765 deinde
956 1731 985 1763 a
1019 1714 1163 1778 patre
1203 1711 1471 1760 Persicum
1512 1708 1709 1757 bellum
1753 1705 2069 1770 aggreditur.

233 1797 297 1846 In
319 1796 468 1860 cujus
489 1796 739 1858 apparatu
760 1794 1012 1856 occupato
1033 1789 1330 1846 nuntiatur,
1351 1785 1696 1834 Athenienses
1718 1786 1769 1831 et
1793 1782 2070 1830 Thebanos

233 1875 295 1922 ab
321 1889 378 1922 eo
404 1872 659 1930 defecisse,
686 1873 1055 1930 auctoremque
1081 1866 1192 1930 ejus
1231 1861 1547 1921 defectionis,
1576 1877 1766 1925 magno
1796 1859 1908 1907 auri
1944 1873 2069 1920 pon-

234 1950 351 1998 dere
377 1966 406 1998 a
433 1949 600 1997 Persis
626 1949 948 2009 corruptum,
971 1942 1380 1991 Demosthenem
1407 1941 1661 1988 oratorem
1688 1935 1959 1994 exstitisse,
1981 1933 2071 1997 qui

234 2026 581 2075 Macedonum
609 2024 799 2072 deletas
826 2036 1002 2070 omnes
1030 2035 1151 2068 cum
1177 2034 1293 2082 rege
1320 2015 1489 2079 copias
1525 2031 1553 2062 a
1579 2012 1826 2062 Triballis
1839 2011 2073 2061 adfirma-

234 2103 399 2160 verit,¹
426 2101 679 2166 producto
704 2099 758 2147 in
787 2099 1085 2147 contionem
1111 2098 1337 2150 auctore,
1364 2091 1454 2156 qui
1490 2091 1545 2139 in
1571 2106 1628 2139 eo
1652 2088 1862 2153 proelio,
1889 2089 1944 2135 in
1970 2103 2073 2151 quo

235 2199 324 2230 rex
361 2180 642 2239 cecidisset,
684 2194 736 2227 se
772 2193 975 2242 quoque
1009 2176 1341 2225 vulneratum
1379 2169 1610 2220 diceret.²
1681 2168 1793 2227 Qua
1830 2166 2073 2232 opinione

236 2261 466 2306 mutatos
491 2256 729 2305 omnium
757 2256 914 2302 ferme
935 2252 1212 2301 civitatum
1237 2251 1436 2298 animos
1462 2262 1566 2295 esse
1580 2263 1593 2306 3
1625 2244 1880 2309 praesidia
1905 2243 2074 2291 Mace-

238 2335 433 2383 donum
462 2332 698 2382 obsideri.
771 2330 865 2379 Sed
895 2345 982 2378 rex
1009 2328 1270 2376 instructo
1290 2326 1572 2389 paratoque
1598 2321 1827 2370 exercitu
1854 2319 2074 2369 Graecos

238 2410 506 2475 oppressit.
559 2408 920 2465 Athenienses,
949 2404 1103 2454 sicuti
1130 2401 1287 2466 primi
1307 2401 1615 2457 defecerant,
1630 2398 1704 2446 ita
1729 2395 1885 2460 primi
1906 2395 2075 2444 missis

237 2488 421 2552 legatis
448 2487 644 2535 bellum
671 2484 1026 2548 deprecantur.
1101 2479 1301 2539 Quibus
1335 2476 1528 2525 auditis
1553 2473 1848 2522 Alexander
1878 2472 2074 2521 bellum

238 2564 448 2614 remisit.

308 2644 352 2689 5.
390 2639 521 2687 Inde
580 2638 784 2685 Thebas
831 2634 1118 2684 exercitum
1178 2630 1450 2689 convertit,
1510 2627 1687 2676 eadem
1746 2623 2076 2689 indulgentia

241 2716 466 2775 usurus,¹
490 2715 529 2763 si
556 2729 731 2778 parem
751 2710 1127 2776 paenitentiam
1149 2706 1444 2756 invenisset.
1516 2704 1614 2753 Sed
1640 2702 1875 2751 Thebani
1903 2700 2076 2760 armis,

243 2810 348 2842 non
385 2791 624 2856 precibus
650 2788 730 2837 usi
767 2790 906 2837 sunt.
979 2787 1161 2850 Itaque
1187 2784 1312 2834 victi
1349 2782 1654 2847 gravissima
1678 2777 1931 2844 quaeque²
1957 2793 2076 2840 sup-

242 2869 398 2934 plicia
430 2866 625 2930 experti
660 2867 796 2913 suut.
867 2864 930 2912 In
969 2862 1187 2912 consilio
1225 2876 1345 2909 cum
1383 2858 1444 2907 de
1482 2856 1681 2905 excidio
1708 2854 1850 2903 urbis
1888 2853 2075 2901 delibe-

247 2947 459 3003 raretur,
502 2943 791 2991 Phocenses
833 2943 884 2988 et
923 2940 1247 2988 Plataeenses
1293 2938 1345 2984 et
1398 2931 1748 2993 Orchomenii,
1787 2929 2073 2979 Alexandri

381 3111 429 3148 3.
456 3113 468 3133 ¹
487 3112 559 3145 563.
605 3110 621 3132 ²
638 3110 710 3151 399,
728 3108 771 3144 R.
791 3109 820 3142 1.
866 3108 880 3130 ³
897 3108 969 3141 429.
1099 3106 1149 3142 4.
1177 3107 1187 3128 ¹
1207 3105 1278 3139 630.
1325 3104 1340 3126 ²
1357 3104 1430 3138 6232.
1561 3102 1608 3137 5.
1636 3101 1647 3122 ¹
1665 3101 1738 3135 673.
1755 3100 1786 3133 4.
1832 3099 1848 3121 ²
1864 3099 1937 3132 305.
