2243 3465
209 223 270 271 98
903 225 1077 261 LATIN
1115 222 1354 260 READER.

274 355 474 404 XXVI.
512 354 708 402 Diebus
736 351 942 401 circiter
977 364 1054 400 xv
1091 348 1338 415 quibus³²⁴
1366 348 1417 396 in
1454 347 1675 396 hiberna
1698 348 1915 396 ventum
1950 346 2043 406 est,

211 433 425 482 initium
462 429 721 495 repentini
758 430 1022 477 tumultus
1049 443 1106 476 ac
1132 425 1435 474 defectionis
1461 427 1637 472 ortum
1663 424 1740 471 est
1773 423 1836 471 ab
1862 422 2045 470 Ambi-

210 512 348 574 orige
369 513 419 557 et
440 507 751 566 Catuvolco;
781 506 869 569 qui
891 522 1010 554 cum
1032 504 1097 553 ad
1122 504 1249 551 fines
1274 501 1420 566 regni
1441 500 1521 549 sui
1549 499 1740 548 Sabino
1762 498 2045 561 Cottaeque

211 589 411 651 praesto
438 583 714 633 fuissent³²⁵
736 579 1223 644 frumentumque³²⁶
1243 578 1298 626 in
1324 579 1543 626 hiberna
1564 575 2045 639 comportavissent‚

212 661 560 712 Indutiomari
587 659 786 708 Treviri
825 658 1030 706 nuntiis
1067 655 1295 719 impulsi,
1323 669 1442 703 suos
1469 653 1878 710 concitaverunt,
1906 650 2045 698 subi-

212 739 424 803 toque³²⁵
445 736 698 802 oppressis
724 735 1073 799 lignatoribus
1099 748 1288 796 magna
1314 746 1470 778 manu
1498 729 1562 777 ad
1590 731 1759 777 castra
1779 742 2046 791 oppugna-

211 815 384 864 tum³²⁷
412 816 680 863 venerunt.
752 812 884 860 Cum
912 810 1144 859 celeriter
1174 808 1340 856 nostri
1378 823 1521 855 arma
1547 805 1803 869 cepissent
1831 803 2047 851 vallum-

211 908 309 956 que
355 890 757 948 adscendissent,
797 890 952 951 atque
1000 903 1106 935 una
1148 901 1208 933 ex
1252 882 1454 947 parte328
1490 881 1740 945 Hispanis
1783 879 2046 943 equitibus

211 969 410 1017 emissis
453 965 678 1031 equestri
718 963 969 1028 proelio³²⁹
1011 962 1298 1025 superiores
1341 960 1582 1017 fuissent,
1624 957 1890 1021 desperata
1936 953 2047 1003 ΓΘ380

210 1046 384 1094 hostes
412 1060 529 1093 suos
555 1044 617 1091 ab
643 1040 1034 1106 oppugnatione
1060 1038 1400 1086 reduxerunt.
1472 1035 1611 1082 Tum
1638 1049 1730 1082 suo
1757 1048 1897 1080 more
1925 1046 2047 1079 con-

213 1119 625 1170 clamaverunt³³¹
654 1118 734 1166 uti
760 1116 979 1180 aliqui³³²
1006 1132 1066 1163 ex
1103 1114 1297 1162 nostris
1335 1112 1398 1160 ad
1432 1110 1750 1174 colloquium
1785 1107 2047 1172 prodiret3

211 1199 399 1247 habere
426 1212 529 1246 sese
555 1211 684 1260 quae
710 1194 771 1243 de
797 1209 850 1241 re
876 1191 1145 1241 communi
1183 1189 1351 1238 dicere
1377 1187 1644 1247 vellent,³³³
1671 1184 1862 1250 quibus
1902 1183 2049 1232 rebus

213 1272 586 1325 controversias
612 1270 784 1319 minui
811 1268 1012 1333 posse³³⁴
1040 1268 1318 1330 sperarent.

279 1349 507 1400 XXVII.
534 1347 826 1396 Mittitur³³⁶
846 1345 910 1393 ad
936 1360 1019 1393 eos
1040 1341 1372 1406 colloquendi
1400 1356 1553 1389 causa
1575 1339 1734 1388 Gaius
1754 1335 2050 1401 Arpineius,

214 1444 367 1492 eques
404 1427 685 1482 Romanus,
724 1421 993 1471 familiaris
1031 1419 1215 1479 Quinti
1253 1417 1465 1477 Titurii,
1498 1418 1549 1464 et
1586 1415 1817 1474 Quintus
1852 1412 2051 1463 Junius

215 1522 275 1554 ex
304 1503 562 1567 Hispania
587 1500 817 1565 quidam,
845 1498 933 1563 qui
967 1497 1079 1561 jam
1115 1502 1235 1544 ante
1265 1493 1485 1542 missu³³⁶
1514 1492 1743 1541 Caesaris
1780 1491 1845 1539 ad
1870 1489 2054 1538 Ambi-

215 1582 408 1645 origem
457 1578 712 1628 ventitare
760 1576 1064 1633 consuerat3
1112 1571 1251 1636 apud
1299 1586 1425 1635 quos
1473 1569 1747 1618 Ambiorix
1797 1567 1861 1615 ad
1908 1566 2053 1615 hunc

217 1658 433 1707 modum
468 1656 678 1704 locutus
704 1655 806 1702 est:
843 1667 949 1700 sese
986 1666 1078 1714 pro
1108 1647 1393 1698 Caesaris³³⁷
1419 1647 1475 1695 in
1513 1662 1563 1695 se
1592 1644 1853 1695 beneficiis
1888 1642 2052 1708 pluri-

272 1801 433 1843 XXVI.
473 1799 522 1821 ³2⁴²
551 1799 732 1838 Diebus
774 1809 856 1837 xv.
874 1820 927 1826 —
944 1796 1112 1846 quibus
1211 1793 1266 1814 ⁸³³
1289 1794 1417 1841 Quae
1434 1791 1616 1831 vellent
1636 1805 1645 1831 :
1675 1790 1897 1830 Omission
1919 1789 1967 1828 of
1986 1788 2051 1828 in-

218 1861 411 1897 ventum
437 1858 534 1894 est:
575 1853 739 1895 Witlmssn
760 1853 810 1892 15
833 1853 941 1901 (lays
961 1851 1114 1890 within

219 1912 366 1958 which,
387 1909 570 1960 loosely,
598 1909 646 1947 15
678 1909 784 1957 days
813 1918 862 1945 ον’
891 1905 969 1944 less
996 1905 1114 1956 after

220 1967 287 2008 the
307 1964 487 2004 arrival.
546 1963 596 2002 G.
617 1961 712 2008 400,
734 1962 783 2000 R.
805 1961 842 2000 3.

275 2019 324 2040 ³2⁵
349 2020 463 2056 Cum
479 2019 661 2066 praesto
672 2014 881 2065 fuissent,
895 2011 1115 2063 although,

220 2086 254 2114 c.
275 2074 414 2120 xviii„
440 2071 546 2109 246.

276 2126 325 2148 ³2⁶
345 2128 744 2173 Frumentumque
759 2146 813 2151 -
832 2121 1080 2170 subitoque
1107 2133 1115 2160 :

223 2181 420 2222 Observe
449 2180 551 2218 how
580 2190 689 2227 -que
719 2177 881 2216 carries
918 2179 997 2214 out
1039 2173 1117 2212 the

222 2236 431 2287 previous
453 2234 616 2279 clause,
637 2245 670 2271 c.
691 2232 734 2278 i.‚
756 2233 821 2268 11.

278 2289 329 2310 ³2⁷
350 2289 428 2326 Ad
445 2290 597 2324 castra
609 2287 923 2335 oppugnatum
937 2283 1010 2334 (sc,
1023 2292 1118 2320 cas-

222 2344 327 2392 tra):
358 2341 651 2391 Brachylogy.
711 2340 760 2377 G.
784 2339 873 2378 689.

280 2396 332 2416 ³²¹³
352 2396 459 2434 Una
512 2405 575 2432 ex
626 2396 757 2442 parte
785 2406 792 2431 :
851 2390 946 2429 The
994 2389 1119 2439 place

224 2451 407 2490 whence
424 2450 549 2500 gives
566 2448 642 2486 the
659 2447 784 2497 point
800 2446 848 2484 of
868 2446 983 2483 view
1003 2444 1118 2481 from

227 2504 387 2543 which.
429 2504 479 2541 In
498 2501 690 2552 English
707 2513 732 2538 a
748 2500 957 2538 different
977 2505 1120 2536 trans-

225 2559 361 2598 lation
385 2559 422 2596 is
444 2557 568 2594 often
590 2556 740 2606 given,
761 2555 868 2603 407,
890 2553 996 2590 677.

282 2611 335 2632 ³²⁹
359 2609 585 2660 Equestri
613 2608 808 2658 proelio,
826 2607 876 2646 in
898 2618 925 2643 a
946 2605 1122 2654 cavalry

228 2667 511 2716 (inflamment
533 2675 546 2702 .·
598 2662 682 2701 We
716 2663 841 2700 often
879 2672 956 2698 use
990 2659 1040 2696 in
1074 2659 1121 2696 in

228 2718 420 2769 English
443 2717 592 2755 where
623 2717 657 2754 it
687 2716 725 2754 is
756 2725 1053 2764 unnecessary
1073 2713 1120 2750 in

228 2774 373 2818 Latin,
399 2785 431 2811 c.
459 2772 566 2817 xix„
593 2770 698 2807 249.

284 2825 337 2847 333
359 2827 622 2874 Desperata
667 2835 719 2860 re
747 2836 756 2862 ε
832 2822 1027 2860 Because
1075 2819 1123 2857 of

230 2881 481 2930 desperare
533 2889 642 2927 rem,
695 2890 728 2915 c.
769 2876 972 2921 xxxviii„
1016 2875 1122 2912 4¹77.

229 2935 326 2975 Res
346 2934 471 2972 often
493 2931 774 2982 superfluous
796 2931 840 2967 in
862 2941 943 2967 our
967 2927 1122 2966 idiom:

231 2990 280 3029 in
302 2987 489 3036 despair.

286 3041 337 3061 ³³¹
359 3040 785 3078 Conclamaverunt
807 3036 874 3074 uti
892 3035 1123 3084 prodiret:

233 3095 327 3135 The
362 3094 458 3132 first
493 3092 757 3143 imperative
792 3092 837 3128 in
872 3093 919 3128 C.
947 3090 993 3128 O.
1022 3100 1123 3138 may

236 3149 348 3189 have
368 3151 430 3196 ut,
452 3147 559 3185 466.
617 3147 667 3185 G.
694 3146 788 3191 655,
810 3144 858 3182 R.

288 3201 340 3222 ³⁸²
352 3200 534 3251 Aliqui:
549 3201 609 3240 As
623 3212 647 3237 a
662 3198 953 3239 substantive.
969 3195 1021 3236 G.
1036 3195 1125 3235 105.

1157 1848 1338 1888 definite
1359 1846 1636 1892 antecedent,
1658 1858 1692 1884 c.
1715 1857 1807 1891 xx„
1827 1844 1934 1882 266.

1212 1901 1265 1922 ³³⁴
1289 1901 1446 1940 Minui
1480 1911 1616 1950 posse
1651 1899 1803 1938 rather
1833 1898 1941 1936 than
1969 1897 2053 1935 mi·

1156 1959 1321 1996 nutum
1353 1955 1435 1994 iri:
1470 1955 1595 1992 Fore
1615 1956 1666 1991 ut
1686 1952 1835 1991 would
1856 1952 1910 1990 be
1932 1951 2053 1989 awk-

1159 2011 1282 2049 ward
1304 2011 1350 2048 in
1371 2022 1396 2047 a
1417 2009 1604 2048 relative
1626 2011 1849 2054 sentence,
1865 2018 1899 2045 c.
1914 2006 2055 2053 xxiv„

1215 2117 1400 2157 XXVII.
1422 2115 1476 2136 ³³⁵
1499 2116 1714 2154 Mittitur
1733 2128 1742 2154 ε
1784 2113 1881 2154 The
1915 2112 2056 2164 predi-

1162 2177 1257 2211 cate
1280 2184 1434 2223 agrees
1449 2170 1561 2208 with
1577 2169 1653 2208 the
1668 2172 1843 2207 nearest
1865 2168 2055 2218 subject.

1161 2227 1212 2268 G.
1234 2226 1327 2271 281,
1357 2225 1463 2265 Exo.

1217 2279 1271 2300 ³³⁶
1292 2279 1449 2318 Missu
1471 2292 1479 2318 :
1549 2276 1717 2315 Verbal
1765 2275 1961 2314 ablative
2008 2273 2057 2312 of

1164 2346 1306 2373 cause.
1365 2333 1415 2372 G.
1437 2332 1528 2371 407.
1587 2331 1722 2380 Many
1746 2329 1856 2369 such
1877 2328 2057 2367 verbals

1162 2401 1236 2426 are
1264 2386 1405 2426 found
1427 2385 1532 2436 only
1553 2386 1598 2423 in
1629 2384 1706 2423 the
1736 2383 1945 2421 ablative.
2004 2382 2057 2421 G.

1163 2442 1226 2482 76.
1287 2441 1341 2479 So
1363 2443 1530 2478 coactu
1555 2439 1712 2477 below.
1770 2437 1877 2475 Also
1898 2436 2004 2474 362.

1218 2494 1270 2516 ³³⁷
1295 2494 1404 2532 Sese
1425 2504 1509 2543 pro
1532 2491 1758 2542 Caesaris,
1780 2495 1879 2531 eta:
1910 2491 1979 2528 An
1995 2490 2059 2527 in-

1165 2550 1378 2589 structive
1419 2548 1642 2597 specimen
1682 2546 1731 2583 of
1772 2545 1822 2584 O.
1852 2544 2056 2594 Obliqua.

1165 2603 1261 2642 The
1296 2602 1342 2641 O.
1366 2602 1414 2640 R.
1448 2602 1486 2639 is
1521 2598 1878 2650 approximately
1900 2610 1947 2637 as
1977 2597 2059 2636 fol-

1164 2658 1299 2703 lows3
1332 2656 1382 2694 G.
1404 2655 1498 2702 651,
1519 2655 1613 2700 652,
1633 2653 1683 2693 R.
1708 2654 1728 2691 1
1754 2667 1762 2692 :

1219 2709 1455 2759 Equidem
1514 2721 1595 2758 pro
1644 2706 1845 2746 Caesaris
1893 2706 1938 2743 in
1986 2716 2061 2742 me

1165 2764 1393 2804 beneficiis
1414 2763 1662 2813 plurimum
1685 2773 1758 2798 me
1775 2761 1815 2798 ei
1836 2757 2063 2797 confiteor

1166 2819 1340 2863 debere,
1375 2817 1495 2868 quod
1535 2817 1635 2867 ejus
1668 2827 1802 2865 opera
1838 2812 2061 2863 stipendio

1167 2873 1382 2910 liberatus
1403 2882 1517 2916 sum,
1531 2869 1648 2920 quod
1663 2868 1908 2906 Aduatucis
1931 2865 2061 2904 finiti-

1166 2927 1252 2965 mis
1271 2926 1386 2963 meis
1407 2924 1601 2974 pendere
1618 2930 1954 2960 consueveram
1970 2919 2063 2966 (not

1167 2979 1418 3017 consuevi:
1447 2978 1523 3016 the
1544 2981 1670 3015 tense
1691 2976 1729 3014 is
1750 2973 1984 3013 measured
2006 2972 2064 3022 by

1166 3033 1389 3070 liberatus
1411 3030 1525 3081 sum)
1542 3030 1749 3080 quodque
1770 3027 1884 3065 mihi
1900 3026 1992 3076 (the
2012 3025 2061 3064 O.

1169 3090 1215 3126 O.
1238 3086 1318 3125 lias
1340 3086 1383 3123 ei
1414 3084 1587 3123 instead
1607 3084 1656 3121 of
1685 3083 1762 3121 the
1784 3092 1906 3120 more
1937 3091 2063 3129 regu—

1169 3141 1235 3179 lar
1256 3140 1342 3178 sibi
1365 3138 1433 3191 [G.
1456 3138 1548 3184 521,
1575 3137 1624 3176 R.
1648 3137 1686 3179 7,
1711 3148 1850 3185 comp.
1874 3134 1922 3172 R.
1940 3130 1984 3184 5]
2006 3132 2063 3182 by

1170 3193 1364 3244 shifting
1386 3192 1461 3231 the
1483 3191 1607 3242 point
1628 3192 1675 3229 οἱ
1698 3190 1807 3229 view
1832 3193 1878 3227 to
1901 3187 1978 3226 the
1999 3198 2063 3224 re·
