2243 3465
240 169 334 216 122
811 176 813 178 ’
932 174 1108 212 LATIN
1145 174 1387 209 READER.

237 307 348 356 vios
373 307 781 370 Aduatucosque
817 306 1014 355 bellum
1051 305 1300 354 Romanis
1335 320 1530 369 parare,
1558 320 1723 369 neque
1759 304 1855 354 sibi
1890 304 2070 353 volun-

240 384 491 431 tariorum
530 383 702 446 copias
739 384 910 431 defore
947 382 989 431 si
1026 398 1086 430 ex
1122 382 1318 430 finibus
1355 381 1462 429 suis
1487 382 1726 445 progredi
1754 378 2072 445 coepisset-‚⁶⁷⁸

239 463 499 507 armatum
526 458 808 507 concilium
834 458 1032 506 indicit.
1102 457 1276 506 Hoc⁶⁷⁹
1301 457 1498 505 more⁶⁸⁰
1526 457 1795 505 Gallorum
1819 459 1896 504 est
1930 456 2074 504 initi-

239 550 331 582 um
357 535 493 594 belli,
521 535 675 599 quo⁶⁸1
704 537 813 599 lege
841 534 1111 583 communi
1137 549 1313 582 omnes
1347 534 1564 597 puberes
1589 533 1775 580 armati
1801 533 2074 581 convenire

240 614 584 660 consuerunt:
621 611 710 675 qui
738 628 796 659 cx
825 610 943 659 iis‘⁵‘³2
971 609 1339 658 novissimus-⁵⁸³
1367 608 1684 668 convenit,⁶⁸⁴
1710 609 1763 656 in
1792 613 2072 672 conspectu

239 687 602 736 multitudinis
640 687 884 735 omnibus
921 686 1237 735 cruciatibus
1273 685 1567 734 adfectiis⁶⁸⁵
1604 687 1833 733 necatur.
1917 684 1978 732 In
2017 700 2074 733 eo

239 763 461 814 concilio
502 763 906 828 Cingetorigem,
940 762 1155 812 alterius
1194 761 1487 825 principem
1527 761 1785 820 factionis,
1824 776 2075 825 generum

241 856 411 899 suum,
438 856 593 904 quem
628 856 783 903 supra
808 838 1278 887 demonstravimus
1306 837 1534 886 Caesaris
1559 841 1799 886 secutum
1833 837 1987 885 fidem
2012 837 2075 885 ab

241 932 298 964 eo
323 933 431 964 non
457 915 759 975 discessisse,
787 916 987 963 hostem
1024 914 1230 979 judicat
1263 915 1498 977 bonaque
1524 914 1634 978 ejus
1658 913 1905 977 publicat.
1981 913 2076 962 His

239 995 392 1041 rebus
414 992 661 1041 confectis
682 991 733 1039 in
758 990 976 1040 concilio
996 990 1307 1054 pronuntiat
1332 990 1637 1038 arcessitum
1657 1005 1707 1038 se
1727 1007 1755 1038 a
1782 989 2075 1039 Senonibus

239 1073 292 1118 et
330 1069 649 1118 Carnutibus
685 1068 901 1132 aliisque
939 1066 1295 1130 compluribus
1322 1066 1519 1115 Galliae
1545 1065 1873 1127 civitatibus3
1911 1065 2074 1114 huc⁶⁸⁶

240 1145 339 1193 iter
358 1147 622 1194 facturum
640 1161 730 1209 per
750 1145 877 1192 fines
898 1144 1197 1202 Remorum,
1214 1159 1495 1207 eorumque
1514 1159 1662 1206 agros
1682 1143 2072 1206 populaturum,

240 1238 298 1270 ac
324 1221 465 1285 prius
492 1238 648 1285 qnam
675 1221 727 1269 id
754 1220 964 1269 faciat⁶⁸⁷
992 1223 1158 1268 castra
1185 1219 1401 1267 Labieni
1426 1222 1868 1284 oppugnaturum.
1934 1218 2076 1278 Quae

238 1298 348 1346 fieri
373 1298 499 1346 velit
524 1298 789 1361 praecipit.

307 1374 471 1423 LVII.
510 1373 770 1421 Labienus
797 1371 975 1421 cum⁶⁸⁸
1000 1374 1051 1420 et
1085 1371 1184 1420 loci
1222 1375 1411 1421 natura
1437 1374 1487 1420 et
1521 1388 1681 1420 manu
1708 1371 2077 1422 munitissimis

240 1450 477 1499 castris⁶⁸⁹
499 1466 601 1498 sese
622 1452 833 1509 teneret,
855 1449 917 1497 de
937 1464 1028 1497 suo
1049 1464 1108 1497 ac
1128 1449 1345 1513 legionis
1371 1449 1603 1512 periculo
1625 1449 1815 1496 niliil⁶⁹⁰
1836 1450 2076 1499 timebat:

238 1543 304 1574 ne
330 1526 541 1590 quam⁶⁹l
568 1526 890 1575 occasionem
915 1525 986 1573 rei
1023 1526 1151 1573 bene
1188 1524 1441 1589 gerendae
1469 1524 1756 1573 dimitteret
1791 1526 2066 1590 cogitabat.

239 1603 422 1666 Itaque
443 1620 471 1651 a
494 1602 821 1667 Cingetorige
844 1604 998 1666 atque
1018 1601 1128 1665 ejus
1153 1601 1459 1665 propinquis
1480 1601 1710 1649 oratione
1730 1601 2076 1651 Indutiomari

239 1680 451 1742 cognita
477 1696 632 1743 quam
657 1679 713 1727 in
740 1678 962 1727 concilio
988 1678 1254 1736 habuerat,
1282 1677 1498 1726 nuntios
1522 1678 1690 1726 mittit
1720 1678 1785 1726 ad
1822 1678 2076 1727 finitimas

240 1756 476 1804 civitates
501 1755 800 1819 equitesque
828 1755 1059 1818 undique
1084 1759 1286 1802 evocat:
1324 1754 1405 1803 his
1441 1756 1641 1802 certum
1668 1754 1814 1801 diem·
1831 1754 2074 1802 conveni-

239 1832 356 1881 endi
387 1832 527 1880 dicit.
597 1831 816 1879 Interim
852 1847 1008 1895 prope
1035 1830 1222 1879 cotidie
1248 1846 1368 1878 cum
1395 1831 1538 1878 omni
1576 1831 1813 1894 equitatu
1840 1831 2074 1880 Indutio-

239 1925 414 1958 marus
451 1909 544 1957 sub
585 1908 763 1956 castris
800 1908 911 1971 ejus
947 1908 1251 1971 vagabatur,
1279 1906 1461 1956 alias⁶⁹²
1490 1910 1550 1954 ut
1586 1907 1745 1954 sit-um
1784 1914 2074 1956 castrorum

241 1988 582 2050 cognosceret,
610 1985 733 2033 alias
759 1985 1087 2049 colloquendi
1114 1990 1206 2032 aut
1231 1983 1506 2031 territandi
1533 1999 1711 2031 causa:
1748 1983 1944 2047 equites
1968 1985 2074 2047 ple-

239 2078 460 2125 rumque
486 2077 663 2110 omnes
701 2062 803 2109 tela
838 2061 979 2108 intra
1004 2060 1199 2109 vallum
1229 2060 1592 2123 conjiciebant.
1666 2060 1924 2107 Labienus
1958 2075 2075 2108 suos

240 2138 379 2186 intra
405 2138 752 2185 munitionem
775 2138 1074 2185 continebat
1101 2136 1400 2200 timorisque
1422 2135 1718 2199 opinionem
1739 2137 2072 2199 quibuscum-

241 2231 339 2278 que
364 2214 621 2277 poteratffl'3
650 2215 801 2262 rebus
827 2215 1064 2277 augebat.

295 2334 346 2356 ⁶⁷⁸
368 2336 415 2374 Si
449 2335 702 2385 coepisset:
734 2334 778 2374 C.
801 2335 880 2382 xl„
901 2335 1010 2374 493.
1083 2335 1134 2375 G.
1233 2335 1281 2356 ⁶⁸⁶
1301 2338 1430 2376 Huc:
1462 2337 1708 2388 Regularly
1734 2334 1847 2372 illuc
1876 2335 1922 2373 in
1953 2333 2002 2374 O.
2025 2334 2072 2374 Ο.

241 2390 334 2435 660,
354 2389 390 2429 4.
1179 2390 1228 2429 G.
1247 2391 1338 2430 663.
1377 2391 1485 2428 Huc
1508 2390 1707 2429 retained
1727 2389 1785 2440 by
1808 2389 2076 2439 Repraesen-

296 2443 346 2464 ⁶⁷⁹
370 2445 475 2482 1-100
514 2456 571 2484 sc.
611 2446 836 2482 armatum
872 2442 1135 2482 concilium.
1179 2445 1301 2483 tatio.
1366 2445 1415 2483 G.
1443 2445 1535 2491 657,
1562 2445 1612 2484 R.

242 2498 293 2537 G.
315 2498 407 2544 290,
433 2498 469 2538 5.
1235 2496 1284 2518 ⁶⁸⁷
1306 2498 1586 2547 Priusquam
1604 2498 1654 2535 id
1681 2495 1821 2535 faciat
1839 2510 1848 2535 ε
1880 2495 1931 2534 In
1952 2496 1999 2536 O.
2021 2495 2074 2536 R.

296 2551 347 2571 ⁶³⁰
370 2553 523 2602 More,
544 2552 775 2602 accordiny
795 2555 835 2591 to
857 2552 923 2591 the
939 2556 1102 2591 custom
1115 2563 1137 2602 ,⁶
1178 2551 1448 2601 priusquam
1467 2552 1516 2590 id
1535 2551 1666 2589 facio.
1724 2551 1774 2590 G.
1794 2550 1885 2590 577.

242 2605 335 2644 aiso
358 2606 416 2642 de
446 2616 586 2643 more.
644 2606 679 2643 G
718 2607 809 2646 398.
1235 2606 1369 2645 LVII.
1424 2605 1471 2625 ⁵⁸⁸
1522 2606 1640 2644 Cum
1685 2607 1866 2643 teneret
1887 2617 1896 2643 t
1955 2603 2075 2642 Cum

297 2658 343 2679 ⁶⁸¹
363 2660 478 2709 Quo,
495 2660 785 2699 «wlazsstherzad
803 2659 937 2711 quod,
955 2672 1011 2699 sc.
1030 2670 1136 2698 con·
1180 2660 1344 2705 causal,
1366 2672 1398 2699 c.
1426 2661 1555 2706 xxii„
1577 2659 1684 2698 279.
1743 2659 1792 2697 Gr.
1820 2658 1911 2698 587.

243 2712 414 2751 cilium.
471 2713 519 2751 G.
543 2713 635 2759 (513,
661 2714 709 2752 R.
735 2715 769 2752 1.
1234 2712 1284 2733 ⁶⁸⁹
1309 2714 1511 2753 Castris:
1545 2714 1589 2753 C.
1608 2714 1734 2759 xxii„
1753 2712 1859 2749 249.
1917 2711 1968 2750 G.
1982 2712 2073 2752 387.

296 2764 345 2786 ⁶⁰²
365 2767 448 2804 Ex
468 2767 525 2804 iis
544 2781 551 2806 ε
583 2768 627 2806 C.
644 2767 804 2814 iii.‚52.
857 2767 906 2806 G.
925 2767 1017 2813 371,
1032 2767 1080 2807 R.
1097 2768 1133 2806 5.
1179 2767 1331 2805 Below
1351 2770 1402 2814 (c.
1425 2768 1552 2812 iviii.)
1571 2766 1692 2804 intra
1713 2769 1876 2803 castra.

296 2818 346 2840 ⁶⁶³⁹
369 2819 662 2858 Novissimus
687 2835 694 2859 :
756 2821 1047 2868 Predicative,
1085 2821 1135 2860 lm
1234 2820 1286 2841 ⁶⁹⁰
1311 2821 1442 2859 Nihil
1468 2835 1476 2860 :
1527 2820 1767 2858 Adverbial
1808 2819 2075 2864 accusative,

242 2875 332 2913 who
361 2874 398 2913 ig
427 2874 494 2913 the
523 2874 605 2913 last
636 2879 675 2913 to
704 2875 829 2913 mah-a
858 2875 925 2913 leis
954 2887 1136 2925 appear-
1179 2887 1218 2913 c.
1240 2876 1413 2921 xxxiv„
1440 2874 1547 2912 436.
1605 2874 1655 2912 G.
1677 2874 1769 2919 443,
1796 2873 1845 2912 R..
1873 2873 1909 2911 2.

244 2940 348 2968 anca
369 2931 415 2967 at
435 2928 502 2967 clia
524 2928 718 2976 meecc'nfs.
778 2928 825 2966 G.
850 2928 940 2973 324,
968 2929 1015 2968 R.
1043 2930 1079 2968 5.
1234 2927 1281 2948 ⁶⁹¹
1303 2930 1377 2966 Ne
1398 2940 1555 2977 quam:
1588 2928 1631 2966 C.
1648 2928 1736 2973 vii„
1758 2926 1856 2964 118.
1914 2925 1963 2964 G.
1980 2924 2072 2965 543.

298 2982 348 3001 ⁶⁸⁴
369 2981 606 3019 Convenit
625 2995 632 3020 :
664 2982 841 3020 Pvrfoct
865 2983 906 3018 in
929 2994 984 3019 an
1006 2983 1136 3020 itera·
1233 2980 1283 3002 ⁰⁹¹³
1303 2981 1622 3020 Alias—alias:
1672 2980 1734 3020 Ac
1762 2991 1840 3019 one.
1870 2979 2072 3018 time—at

243 3036 336 3075 tive
358 3040 578 3081 sentence,
598 3048 630 3074 c.
656 3036 758 3079 xiv„
784 3035 890 3072 216.
948 3036 997 3074 G.
1025 3036 1115 3075 569.
1179 3037 1360 3074 another
1381 3034 1656 3085 (indefinite).
1716 3034 1766 3073 G.
1789 3033 1878 3073 306.

298 3087 347 3108 ⁶⁸⁵
369 3086 599 3128 Affectus:
644 3090 688 3129 C.
721 3089 876 3135 xlviii„
907 3089 1008 3127 591.
1084 3090 1134 3129 G.
1234 3089 1284 3108 ⁰⁹³
1308 3090 1523 3127 Poterat:
1574 3088 1817 3126 Indicativc
1856 3086 1899 3124 in
1940 3097 1966 3123 a
2004 3097 2062 3137 ge

244 3142 339 3190 403,
360 3142 408 3181 R.
430 3143 467 3181 2.
1179 3144 1300 3182 ncric
1321 3144 1506 3181 relative
1528 3147 1747 3182 sentence.
1805 3140 1856 3180 G.
1878 3139 1969 3181 (525.
