2243 3465
655 120 728 156 DE
764 120 948 157 GEs'ms
983 119 1338 156 ALEXANDRI.
1847 112 1912 158 41

78 254 212 303 tium
237 254 393 303 variis
418 254 575 302 armis
601 255 652 301 et
675 253 924 302 moribus.
995 253 1223 301 Proximi
1249 252 1411 313 ibant,
1438 268 1568 316 qnos
1602 251 1782 301 Persae
1808 251 1913 300 Im-

79 331 320 379 mortales
345 335 547 388 vocant,
574 329 640 379 ad
676 330 847 380 decem
888 329 1061 390 milia;
1099 345 1279 378 aureos
1316 331 1541 392 torques,
1566 333 1760 377 vestem
1786 344 1914 377 auro

78 408 380 456 distinctam
438 406 702 456 habebant
759 408 1146 470 manicatasque
1205 405 1428 464 tunicas,
1477 405 1697 469 gemmis
1757 404 1915 452 etiam

78 484 368 533 adornatas.
440 484 646 548 Exiguo
684 483 973 541 intervallo,
1008 498 1135 546 quos
1173 484 1422 545 cognatos
1459 481 1592 545 regis
1629 481 1910 544 appellant,

80 560 256 609 decem
283 566 332 609 et
358 561 589 625 quinque
615 559 761 607 milia
795 559 1086 606 hominum.
1156 558 1301 606 Haec
1325 573 1444 605 vero
1472 558 1626 605 turba
1649 557 1912 605 muliebri-

81 641 159 685 ter
195 636 570 701 propemodum
608 635 765 694 culta,
792 635 923 682 luxu
961 634 1125 698 magis
1162 650 1320 698 quam
1360 633 1557 682 decoris
1596 633 1754 682 armis
1797 649 1915 681 con-

82 715 260 778 spicua
296 718 418 761 erat.
491 712 828 775 Doryphoroe
855 710 944 774 qui
970 711 1292 759 vocabantur
1325 709 1560 758 currum⁵
1584 709 1716 774 regis
1754 708 1916 757 antei-

82 791 221 850 bant,
257 806 359 855 quo
395 789 503 853 ipse
539 788 774 837 eminens
809 788 1108 836 vehebatur.
1195 787 1517 850 Utrumque⁶
1555 802 1739 834 currus
1780 786 1917 834 latus

82 867 295 915 deorum
346 866 624 914 simulacra
660 881 721 913 ex
770 881 894 913 auro
930 866 1248 928 argentoque
1285 879 1521 927 expressa
1569 862 1917 911 decorabant:

53 996 55 998 ,
81 943 477 1007 distinguebant
513 941 881 990 internitentes
915 956 1148 1005 gemmae
1175 941 1376 1005 iugum,
1403 956 1463 988 ex
1490 955 1593 1003 quo
1618 938 1919 987 eminebant

82 1020 184 1068 duo
211 1035 366 1068 aurea
400 1018 681 1066 simulacra
715 1017 966 1066 cubitalia
1002 1033 1232 1075 avorum,
1260 1016 1482 1064 alterum
1521 1016 1668 1074 Nini,
1694 1015 1919 1063 alterum

84 1095 210 1144 Beli.
280 1095 426 1143 Inter
460 1095 587 1143 haec
623 1095 850 1158 aquilam
888 1109 1099 1141 auream
1131 1108 1328 1156 pennas
1354 1091 1658 1140 extendenti
1696 1090 1918 1139 similem

83 1172 476 1222 collocaverant.
562 1171 751 1220 Cultus
793 1170 928 1235 regis
972 1169 1110 1217 inter
1135 1168 1311 1218 omnia
1351 1169 1564 1217 luxuria
1605 1170 1919 1217 notabatur:

84 1264 371 1313 purpureae
398 1248 627 1296 tunicae⁷
654 1247 887 1295 medium
923 1247 1102 1294 album
1131 1246 1397 1294 intextum
1424 1247 1546 1305 erat,
1572 1245 1766 1309 pallam
1793 1262 1919 1294 auro

85 1327 390 1374 distinctam
416 1324 556 1373 aurei
582 1324 866 1388 accipitres,
892 1323 1038 1372 velut
1068 1322 1247 1370 rostris
1272 1322 1411 1370 inter
1437 1337 1486 1370 se
1513 1321 1920 1382 coneur1·erent,⁸

85 1403 420 1460 adornabant,
452 1403 503 1450 et
541 1417 670 1449 zona
708 1416 862 1448 aurea
904 1398 1229 1448 muliebriter
1268 1399 1472 1447 cinctus
1511 1398 1773 1447 acinacem
1813 1413 1921 1446 sus-

85 1480 346 1544 penderat,
369 1478 452 1526 cui
473 1494 532 1526 ex
563 1493 769 1540 gemma
792 1476 980 1541 vagina
1005 1478 1125 1524 erat.
1205 1474 1435 1524 Cidarim
1461 1474 1642 1522 Persae
1666 1475 1921 1523 vocabant

86 1555 286 1621 regium
314 1554 499 1618 eapitis
537 1554 767 1616 insigne:
803 1553 903 1600 hoc
930 1552 1163 1601 caerulea
1199 1552 1358 1600 fascia
1395 1552 1511 1599 albo
1538 1550 1788 1599 distincta
1822 1550 1921 1599 eir-

86 1632 333 1681 cumibat.
387 1630 613 1679 Currum
633 1629 808 1677 decem
824 1628 969 1677 milia
989 1629 1318 1677 hastatorum
1344 1628 1716 1691 sequebantur:
1749 1628 1922 1676 hastas

86 1712 299 1774 argento
342 1710 629 1765 exornatas,
673 1705 872 1770 spicula
913 1721 1039 1753 auro
1080 1706 1307 1769 praefixa
1347 1705 1636 1768 gestabant.
1726 1703 1924 1752 Dextra

89 1786 329 1848 laevaque
355 1800 526 1847 regem
554 1782 769 1831 ducenti
806 1783 965 1830 ferme
991 1781 1303 1830 nobilissimi
1328 1779 1743 1844 propinquorum
1770 1781 1924 1828 comi-

89 1863 350 1911 tabantur.
403 1860 606 1907 Horum
629 1875 813 1923 agmen
837 1858 1177 1907 claudebatur
1197 1857 1416 1922 triginta
1435 1856 1649 1905 milibus
1667 1856 1920 1920 peditum,

89 1954 217 2002 quos
253 1938 371 2001 equi
407 1936 541 2000 regis
580 1935 755 1984 CCCC
794 1936 1157 1999 sequebantur.
1228 1933 1510 1982 Intervallo
1544 1932 1728 1981 deinde
1764 1933 1924 1981 unius

91 2014 242 2063 stadii
269 2016 487 2061 matrem
514 2011 669 2059 Darei
693 2011 1040 2076 Sisygambim
1062 2026 1248 2059 currus
1272 2010 1506 2068 vehebat,
1534 2011 1584 2056 et
1608 2008 1664 2056 in
1690 2008 1789 2056 alio
1815 2010 1925 2057 erat

91 2090 337 2140 coniunx.
407 2089 583 2136 Turba
608 2088 916 2136 feminarum
945 2088 1147 2152 reginas
1173 2085 1542 2135 comitantium
1567 2084 1729 2149 equis⁹
1756 2089 1924 2133 vecta-

93 2168 258 2216 batur.
328 2165 635 2225 Quindecim
664 2164 863 2223 deinde,
884 2180 1010 2228 quas
1036 2179 1357 2212 armamaxas
1383 2162 1730 2226 appellabant,
1751 2177 1924 2225 seque-

92 2245 296 2293 bantur.
367 2242 431 2290 In
469 2241 549 2289 his
573 2242 721 2288 erant
755 2241 903 2288 liberi
937 2241 1070 2304 regis
1096 2243 1147 2288 et
1172 2240 1259 2303 qui
1286 2239 1616 2287 educabant¹⁰
1643 2255 1725 2287 eos
1751 2238 1926 2301 spado-

92 2336 323 2383 numque
349 2334 490 2383 grex,
509 2317 650 2365 haud
678 2332 796 2365 sane
823 2317 925 2365 illis
950 2316 1194 2381 gentibus
1213 2315 1343 2365 vilis.
1413 2315 1553 2363 Tum
1578 2314 1746 2379 regiae
1770 2315 1926 2378 paeli-

92 2412 172 2444 ces
200 2400 458 2444 trecentae
484 2397 535 2442 et
566 2393 837 2458 sexaginta
861 2393 1200 2451 vehebantur,
1229 2395 1279 2440 et
1316 2393 1452 2455 ipsae
1490 2391 1647 2452 regali
1674 2391 1822 2439 cultu
1848 2406 1926 2439 or-

92 2476 336 2535 natuque.
409 2470 533 2518 Post
558 2485 684 2534 quas
720 2469 993 2532 pecuniam
1031 2469 1162 2533 regis
1199 2468 1417 2517 sescenti
1455 2467 1587 2515 muli
1620 2470 1671 2515 et
1706 2467 1926 2516 trecenti

96 2548 277 2597 cameli
303 2547 561 2595 vehebant
595 2545 850 2609 praesidio
877 2545 1265 2610 sagittariorum
1291 2546 1642 2608 prosequente.
1711 2544 1927 2608 Propin-

96 2639 317 2688 quorum
342 2622 730 2686 amicorumque
752 2622 994 2686 conjuges
1017 2621 1140 2670 hnic
1167 2620 1365 2685 agmini
1388 2620 1654 2685 proximae
1678 2621 1928 2669 lixarum-

95 2717 193 2764 que
229 2704 280 2747 et
316 2699 558 2747 calonum
594 2713 772 2762 greges
808 2698 1146 2746 vehebantur.
1213 2697 1406 2747 Ultimi
1443 2701 1590 2745 erant
1626 2712 1746 2745 cum
1783 2698 1924 2746 suis¹¹

95 2777 285 2841 quique
312 2774 546 2832 ducibus,
571 2775 660 2838 qui
687 2774 966 2838 cogerent¹²
992 2790 1194 2838 agmen,
1220 2773 1402 2822 leviter
1426 2773 1627 2822 armati,

164 2855 238 2900 10.
277 2850 587 2909 Alexander,
615 2851 851 2914 Ancyrae
878 2851 1170 2913 assumptis,
1196 2849 1286 2914 qui
1318 2866 1377 2897 ex
1416 2849 1723 2898 Macedonia
1759 2861 1924 2910 nuper

97 2928 429 2986 advenerant,
465 2942 556 2990 per
593 2924 972 2989 Cappadociam
1007 2926 1270 2989 profectus
1307 2925 1544 2974 Ciliciam
1581 2925 1728 2989 petit.
1806 2923 1922 2971 Per·

256 3098 274 3121 ⁵
287 3098 361 3132 330.
406 3097 422 3119 ⁸
438 3098 511 3131 307.
557 3097 572 3119 ⁷
590 3098 662 3131 346.
708 3097 723 3119 ⁸
739 3097 811 3131 604.
858 3098 873 3119 ⁹
889 3098 964 3138 205,
981 3097 1025 3131 R.
1043 3098 1075 3131 2.
1122 3097 1155 3119 ¹⁰
1172 3098 1245 3138 626,
1261 3097 1307 3131 R.
1358 3097 1387 3119 ¹¹
1404 3097 1478 3137 305,
1495 3095 1540 3129 R.
1557 3095 1593 3129 1.
1639 3094 1672 3117 ¹²
1688 3095 1761 3129 632.
