<?xml version="1.0" encoding="UTF-8"?>
<!DOCTYPE html PUBLIC "-//W3C//DTD XHTML 1.0 Transitional//EN"
    "http://www.w3.org/TR/xhtml1/DTD/xhtml1-transitional.dtd">
<html xmlns="http://www.w3.org/1999/xhtml" xml:lang="en" lang="en">
 <head>
  <title>
</title>
<meta http-equiv="Content-Type" content="text/html;charset=utf-8" />
  <meta name='ocr-system' content='tesseract 3.04.00' />
  <meta name='ocr-capabilities' content='ocr_page ocr_carea ocr_par ocr_line ocrx_word'/>
</head>
<body>
  <div class='ocr_page' id='page_1' title='image "./latinreaderwithr00gildrich_0099.png"; bbox 0 0 2243 3465; ppageno 0'>
   <div class='ocr_carea' id='block_1_1' title="bbox 716 157 1915 213">
    <p class='ocr_par' dir='ltr' id='par_1_1' title="bbox 716 157 1915 213">
     <span class='ocr_line' id='line_1_1' title="bbox 716 157 1915 213; baseline -0.009 0"><span class='ocrx_word' id='word_1_1' title='bbox 716 178 787 213; x_wconf 82' lang='lat' dir='ltr'>DE</span> <span class='ocrx_word' id='word_1_2' title='bbox 824 175 997 212; x_wconf 78' lang='lat' dir='ltr'>BELLo</span> <span class='ocrx_word' id='word_1_3' title='bbox 1033 172 1286 209; x_wconf 72' lang='lat' dir='ltr'>GAmeo.</span> <span class='ocrx_word' id='word_1_4' title='bbox 1860 157 1915 202; x_wconf 84' lang='lat'>91</span> 
     </span>
    </p>
   </div>
   <div class='ocr_carea' id='block_1_2' title="bbox 34 301 1938 2276">
    <p class='ocr_par' dir='ltr' id='par_1_2' title="bbox 34 301 1930 1212">
     <span class='ocr_line' id='line_1_2' title="bbox 93 301 1922 374; baseline -0.005 -18"><span class='ocrx_word' id='word_1_5' title='bbox 93 309 326 374; x_wconf 81' lang='lat' dir='ltr'>partibus</span> <span class='ocrx_word' id='word_1_6' title='bbox 363 307 647 370; x_wconf 76' lang='lat' dir='ltr'>superiores</span> <span class='ocrx_word' id='word_1_7' title='bbox 686 305 883 354; x_wconf 85' lang='lat' dir='ltr'>fuerint</span> <span class='ocrx_word' id='word_1_8' title='bbox 919 312 1073 369; x_wconf 87' lang='lat' dir='ltr'>atque</span> <span class='ocrx_word' id='word_1_9' title='bbox 1098 320 1181 352; x_wconf 91' lang='lat' dir='ltr'>eos</span> <span class='ocrx_word' id='word_1_10' title='bbox 1219 304 1273 350; x_wconf 90' lang='lat' dir='ltr'>in</span> <span class='ocrx_word' id='word_1_11' title='bbox 1311 303 1465 350; x_wconf 82' lang='lat' dir='ltr'>silvas</span> <span class='ocrx_word' id='word_1_12' title='bbox 1502 301 1758 364; x_wconf 72' lang='lat' dir='ltr'>collesque</span> <span class='ocrx_word' id='word_1_13' title='bbox 1784 316 1922 348; x_wconf 89' lang='lat' dir='ltr'>com-</span> 
     </span>
     <span class='ocr_line' id='line_1_3' title="bbox 92 377 1921 450; baseline -0.006 -17"><span class='ocrx_word' id='word_1_14' title='bbox 92 383 394 450; x_wconf 77' lang='lat' dir='ltr'>p11le1·int,²²²</span> <span class='ocrx_word' id='word_1_15' title='bbox 422 383 506 431; x_wconf 87' lang='lat' dir='ltr'>sed</span> <span class='ocrx_word' id='word_1_16' title='bbox 533 382 889 446; x_wconf 82' lang='lat' dir='ltr'>compluribus</span> <span class='ocrx_word' id='word_1_17' title='bbox 915 381 1195 429; x_wconf 73' lang='lat' dir='ltr'>intersectis</span> <span class='ocrx_word' id='word_1_18' title='bbox 1221 378 1518 442; x_wconf 60' lang='grc'>011111111115223</span> <span class='ocrx_word' id='word_1_19' title='bbox 1545 377 1763 425; x_wconf 72' lang='lat' dir='ltr'>insecuti</span> <span class='ocrx_word' id='word_1_20' title='bbox 1792 392 1921 423; x_wconf 88' lang='lat' dir='ltr'>non-</span> 
     </span>
     <span class='ocr_line' id='line_1_4' title="bbox 92 449 1923 516; baseline -0.007 -5"><span class='ocrx_word' id='word_1_21' title='bbox 92 462 263 511; x_wconf 88' lang='lat' dir='ltr'>nullos</span> <span class='ocrx_word' id='word_1_22' title='bbox 288 449 481 508; x_wconf 46' lang='lat' dir='ltr'>ex&#39;suis</span> <span class='ocrx_word' id='word_1_23' title='bbox 514 459 816 507; x_wconf 86' lang='lat' dir='ltr'>amiserunt.</span> <span class='ocrx_word' id='word_1_24' title='bbox 885 459 958 505; x_wconf 88' lang='lat' dir='ltr'>At</span> <span class='ocrx_word' id='word_1_25' title='bbox 994 457 1070 504; x_wconf 87' lang='grc'>1111</span> <span class='ocrx_word' id='word_1_26' title='bbox 1107 455 1402 504; x_wconf 85' lang='lat' dir='ltr'>intermisso</span> <span class='ocrx_word' id='word_1_27' title='bbox 1430 454 1594 516; x_wconf 84' lang='lat' dir='ltr'>spatio</span> <span class='ocrx_word' id='word_1_28' title='bbox 1622 451 1923 515; x_wconf 88' lang='lat' dir='ltr'>impruden-</span> 
     </span>
     <span class='ocr_line' id='line_1_5' title="bbox 92 529 1924 599; baseline -0.006 -13"><span class='ocrx_word' id='word_1_29' title='bbox 92 539 231 586; x_wconf 87' lang='lat' dir='ltr'>tibus</span> <span class='ocrx_word' id='word_1_30' title='bbox 256 536 449 584; x_wconf 87' lang='lat' dir='ltr'>nostris</span> <span class='ocrx_word' id='word_1_31' title='bbox 486 540 640 599; x_wconf 87' lang='lat' dir='ltr'>atque</span> <span class='ocrx_word' id='word_1_32' title='bbox 666 534 930 597; x_wconf 88' lang='lat' dir='ltr'>occupatis</span> <span class='ocrx_word' id='word_1_33' title='bbox 955 534 1010 581; x_wconf 91' lang='lat' dir='ltr'>in</span> <span class='ocrx_word' id='word_1_34' title='bbox 1037 532 1331 580; x_wconf 89' lang='lat' dir='ltr'>munitione</span> <span class='ocrx_word' id='word_1_35' title='bbox 1357 534 1643 579; x_wconf 89' lang='lat' dir='ltr'>castrorum</span> <span class='ocrx_word' id='word_1_36' title='bbox 1674 529 1845 577; x_wconf 83' lang='lat' dir='ltr'>subito</span> <span class='ocrx_word' id='word_1_37' title='bbox 1871 543 1924 575; x_wconf 90' lang='lat' dir='ltr'>se</span> 
     </span>
     <span class='ocr_line' id='line_1_6' title="bbox 93 604 1925 676; baseline -0.007 -14"><span class='ocrx_word' id='word_1_38' title='bbox 93 631 152 663; x_wconf 83' lang='lat' dir='ltr'>ex</span> <span class='ocrx_word' id='word_1_39' title='bbox 181 613 322 662; x_wconf 86' lang='lat' dir='ltr'>silvis</span> <span class='ocrx_word' id='word_1_40' title='bbox 348 612 612 676; x_wconf 84' lang='lat' dir='ltr'>ejecerunt</span> <span class='ocrx_word' id='word_1_41' title='bbox 636 612 937 674; x_wconf 72' lang='lat' dir='ltr'>impetuque</span> <span class='ocrx_word' id='word_1_42' title='bbox 963 609 1018 656; x_wconf 85' lang='lat' dir='ltr'>in</span> <span class='ocrx_word' id='word_1_43' title='bbox 1045 625 1127 656; x_wconf 88' lang='lat' dir='ltr'>eos</span> <span class='ocrx_word' id='word_1_44' title='bbox 1151 608 1305 665; x_wconf 78' lang='lat' dir='ltr'>facto,</span> <span class='ocrx_word' id='word_1_45' title='bbox 1334 607 1421 670; x_wconf 88' lang='lat' dir='ltr'>qui</span> <span class='ocrx_word' id='word_1_46' title='bbox 1449 609 1596 654; x_wconf 82' lang='lat' dir='ltr'>erant</span> <span class='ocrx_word' id='word_1_47' title='bbox 1622 606 1673 652; x_wconf 91' lang='lat' dir='ltr'>in</span> <span class='ocrx_word' id='word_1_48' title='bbox 1704 604 1925 653; x_wconf 84' lang='lat' dir='ltr'>statione</span> 
     </span>
     <span class='ocr_line' id='line_1_7' title="bbox 92 681 1927 755; baseline -0.005 -17"><span class='ocrx_word' id='word_1_49' title='bbox 92 707 185 755; x_wconf 85' lang='lat' dir='ltr'>pro</span> <span class='ocrx_word' id='word_1_50' title='bbox 207 689 387 738; x_wconf 84' lang='lat' dir='ltr'>castris</span> <span class='ocrx_word' id='word_1_51' title='bbox 414 688 649 737; x_wconf 88' lang='lat' dir='ltr'>collocati</span> <span class='ocrx_word' id='word_1_52' title='bbox 676 686 861 735; x_wconf 83' lang='lat' dir='ltr'>acriter</span> <span class='ocrx_word' id='word_1_53' title='bbox 882 687 1264 749; x_wconf 75' lang='lat' dir='ltr'>pugnaverunt,</span> <span class='ocrx_word' id='word_1_54' title='bbox 1287 683 1590 745; x_wconf 86' lang='lat' dir='ltr'>duabusque</span> <span class='ocrx_word' id='word_1_55' title='bbox 1616 681 1783 729; x_wconf 90' lang='lat' dir='ltr'>missis</span> <span class='ocrx_word' id='word_1_56' title='bbox 1810 681 1927 728; x_wconf 91' lang='lat' dir='ltr'>sub--</span> 
     </span>
     <span class='ocr_line' id='line_1_8' title="bbox 93 757 1926 825; baseline -0.005 -11"><span class='ocrx_word' id='word_1_57' title='bbox 93 766 284 816; x_wconf 73' lang='lat' dir='ltr'>sidio²²⁴</span> <span class='ocrx_word' id='word_1_58' title='bbox 312 764 608 813; x_wconf 88' lang='lat' dir='ltr'>cohortibus</span> <span class='ocrx_word' id='word_1_59' title='bbox 644 779 674 811; x_wconf 84' lang='lat' dir='ltr'>a</span> <span class='ocrx_word' id='word_1_60' title='bbox 704 762 929 821; x_wconf 75' lang='lat' dir='ltr'>Caesare,</span> <span class='ocrx_word' id='word_1_61' title='bbox 957 761 1171 825; x_wconf 71' lang='lat' dir='ltr'>atque²²⁵</span> <span class='ocrx_word' id='word_1_62' title='bbox 1196 760 1278 808; x_wconf 91' lang='lat' dir='ltr'>his</span> <span class='ocrx_word' id='word_1_63' title='bbox 1302 759 1484 823; x_wconf 86' lang='lat' dir='ltr'>primis</span> <span class='ocrx_word' id='word_1_64' title='bbox 1509 758 1774 823; x_wconf 89' lang='lat' dir='ltr'>legionum</span> <span class='ocrx_word' id='word_1_65' title='bbox 1801 757 1926 804; x_wconf 87' lang='lat' dir='ltr'>dua·</span> 
     </span>
     <span class='ocr_line' id='line_1_9' title="bbox 93 832 1928 904; baseline -0.007 -13"><span class='ocrx_word' id='word_1_66' title='bbox 93 859 226 900; x_wconf 89' lang='lat' dir='ltr'>rum,</span> <span class='ocrx_word' id='word_1_67' title='bbox 247 857 365 891; x_wconf 88' lang='lat' dir='ltr'>cum</span> <span class='ocrx_word' id='word_1_68' title='bbox 393 841 488 889; x_wconf 88' lang='lat' dir='ltr'>hae</span> <span class='ocrx_word' id='word_1_69' title='bbox 514 840 792 904; x_wconf 82' lang='lat' dir='ltr'>perexiguo</span> <span class='ocrx_word' id='word_1_70' title='bbox 813 838 1105 886; x_wconf 88' lang='lat' dir='ltr'>intermisso</span> <span class='ocrx_word' id='word_1_71' title='bbox 1125 837 1225 884; x_wconf 90' lang='lat' dir='ltr'>loci</span> <span class='ocrx_word' id='word_1_72' title='bbox 1252 835 1417 900; x_wconf 88' lang='lat' dir='ltr'>spatio</span> <span class='ocrx_word' id='word_1_73' title='bbox 1437 835 1575 883; x_wconf 92' lang='lat' dir='ltr'>inter</span> <span class='ocrx_word' id='word_1_74' title='bbox 1596 851 1645 882; x_wconf 92' lang='lat' dir='ltr'>se</span> <span class='ocrx_word' id='word_1_75' title='bbox 1667 832 1928 882; x_wconf 89' lang='lat' dir='ltr'>constitis-</span> 
     </span>
     <span class='ocr_line' id='line_1_10' title="bbox 95 908 1930 982; baseline -0.007 -15"><span class='ocrx_word' id='word_1_76' title='bbox 95 926 223 978; x_wconf 78' lang='lat' dir='ltr'>sent,</span> <span class='ocrx_word' id='word_1_77' title='bbox 252 934 386 966; x_wconf 80' lang='lat' dir='ltr'>novo</span> <span class='ocrx_word' id='word_1_78' title='bbox 411 933 595 982; x_wconf 77' lang='lat' dir='ltr'>genere</span> <span class='ocrx_word' id='word_1_79' title='bbox 633 931 837 980; x_wconf 80' lang='lat' dir='ltr'>pugnae</span> <span class='ocrx_word' id='word_1_80' title='bbox 874 913 1160 977; x_wconf 79' lang='lat' dir='ltr'>perterritis</span> <span class='ocrx_word' id='word_1_81' title='bbox 1196 912 1403 971; x_wconf 88' lang='lat' dir='ltr'>nostris,</span> <span class='ocrx_word' id='word_1_82' title='bbox 1429 927 1520 974; x_wconf 86' lang='lat' dir='ltr'>per</span> <span class='ocrx_word' id='word_1_83' title='bbox 1556 910 1750 958; x_wconf 89' lang='lat' dir='ltr'>medios</span> <span class='ocrx_word' id='word_1_84' title='bbox 1776 908 1930 956; x_wconf 85' lang='lat' dir='ltr'>auda-</span> 
     </span>
     <span class='ocr_line' id='line_1_11' title="bbox 83 985 1928 1058; baseline -0.007 -14"><span class='ocrx_word' id='word_1_85' title='bbox 83 994 296 1044; x_wconf 83' lang='lat' dir='ltr'>cissime</span> <span class='ocrx_word' id='word_1_86' title='bbox 332 998 692 1058; x_wconf 90' lang='lat' dir='ltr'>perruperunt,</span> <span class='ocrx_word' id='word_1_87' title='bbox 719 1007 869 1054; x_wconf 90' lang='lat' dir='ltr'>seque</span> <span class='ocrx_word' id='word_1_88' title='bbox 895 991 1014 1038; x_wconf 88' lang='lat' dir='ltr'>inde</span> <span class='ocrx_word' id='word_1_89' title='bbox 1040 989 1327 1037; x_wconf 90' lang='lat' dir='ltr'>incolumes</span> <span class='ocrx_word' id='word_1_90' title='bbox 1356 990 1672 1051; x_wconf 88' lang='lat' dir='ltr'>receperunt.</span> <span class='ocrx_word' id='word_1_91' title='bbox 1742 986 1819 1033; x_wconf 85' lang='lat' dir='ltr'>Eo</span> <span class='ocrx_word' id='word_1_92' title='bbox 1847 985 1928 1032; x_wconf 88' lang='lat' dir='ltr'>die</span> 
     </span>
     <span class='ocr_line' id='line_1_12' title="bbox 97 1061 1928 1130; baseline -0.005 -11"><span class='ocrx_word' id='word_1_93' title='bbox 97 1071 325 1130; x_wconf 79' lang='lat' dir='ltr'>Quintus</span> <span class='ocrx_word' id='word_1_94' title='bbox 362 1069 612 1118; x_wconf 82' lang='lat' dir='ltr'>Laberius</span> <span class='ocrx_word' id='word_1_95' title='bbox 639 1069 817 1116; x_wconf 90' lang='lat' dir='ltr'>Durus</span> <span class='ocrx_word' id='word_1_96' title='bbox 842 1068 1086 1115; x_wconf 85' lang='lat' dir='ltr'>tribunus</span> <span class='ocrx_word' id='word_1_97' title='bbox 1123 1066 1353 1113; x_wconf 87' lang='lat' dir='ltr'>militum</span> <span class='ocrx_word' id='word_1_98' title='bbox 1383 1063 1771 1112; x_wconf 71' lang='grc'>111101·121011111·.2’·’6</span> <span class='ocrx_word' id='word_1_99' title='bbox 1841 1061 1928 1110; x_wconf 83' lang='grc'>1111</span> 
     </span>
     <span class='ocr_line' id='line_1_13' title="bbox 34 1143 1317 1212; baseline -0.006 -16"><span class='ocrx_word' id='word_1_100' title='bbox 34 1167 47 1182; x_wconf 87' lang='grc'><em>·</em></span> <span class='ocrx_word' id='word_1_101' title='bbox 95 1147 332 1212; x_wconf 84' lang='lat' dir='ltr'>pluribus</span> <span class='ocrx_word' id='word_1_102' title='bbox 358 1145 626 1195; x_wconf 85' lang='lat' dir='ltr'>submissis</span> <span class='ocrx_word' id='word_1_103' title='bbox 652 1144 952 1193; x_wconf 81' lang='lat' dir='ltr'>cohortibus</span> <span class='ocrx_word' id='word_1_104' title='bbox 977 1143 1317 1205; x_wconf 88' lang='lat' dir='ltr'>repelluntur.</span> 
     </span>
    </p>

    <p class='ocr_par' dir='ltr' id='par_1_3' title="bbox 96 1215 1937 2203">
     <span class='ocr_line' id='line_1_14' title="bbox 164 1215 1930 1284; baseline -0.006 -12"><span class='ocrx_word' id='word_1_105' title='bbox 164 1223 311 1272; x_wconf 80' lang='lat' dir='ltr'><strong>XVI.</strong></span> <span class='ocrx_word' id='word_1_106' title='bbox 350 1223 482 1271; x_wconf 81' lang='lat' dir='ltr'>Toto</span> <span class='ocrx_word' id='word_1_107' title='bbox 521 1223 616 1270; x_wconf 90' lang='lat' dir='ltr'>hoc</span> <span class='ocrx_word' id='word_1_108' title='bbox 651 1220 763 1268; x_wconf 85' lang='grc'>111227</span> <span class='ocrx_word' id='word_1_109' title='bbox 791 1236 974 1284; x_wconf 80' lang='lat' dir='ltr'>genere</span> <span class='ocrx_word' id='word_1_110' title='bbox 1002 1235 1205 1282; x_wconf 81' lang='lat' dir='ltr'>pugnae</span> <span class='ocrx_word' id='word_1_111' title='bbox 1232 1234 1352 1266; x_wconf 91' lang='lat' dir='ltr'>cum</span> <span class='ocrx_word' id='word_1_112' title='bbox 1380 1217 1474 1265; x_wconf 88' lang='lat' dir='ltr'>sub</span> <span class='ocrx_word' id='word_1_113' title='bbox 1502 1215 1665 1264; x_wconf 84' lang='lat' dir='ltr'>oculis</span> <span class='ocrx_word' id='word_1_114' title='bbox 1692 1215 1930 1262; x_wconf 90' lang='lat' dir='ltr'>omnium</span> 
     </span>
     <span class='ocr_line' id='line_1_15' title="bbox 98 1292 1932 1364; baseline -0.007 -15"><span class='ocrx_word' id='word_1_115' title='bbox 98 1317 155 1350; x_wconf 86' lang='lat' dir='ltr'>ac</span> <span class='ocrx_word' id='word_1_116' title='bbox 198 1316 288 1364; x_wconf 88' lang='lat' dir='ltr'>pro</span> <span class='ocrx_word' id='word_1_117' title='bbox 333 1298 512 1347; x_wconf 87' lang='lat' dir='ltr'>castris</span> <span class='ocrx_word' id='word_1_118' title='bbox 556 1296 905 1353; x_wconf 80' lang='lat' dir='ltr'>dimicaretur,</span> <span class='ocrx_word' id='word_1_119' title='bbox 945 1296 1269 1342; x_wconf 86' lang='lat' dir='ltr'>intellectum</span> <span class='ocrx_word' id='word_1_120' title='bbox 1313 1292 1446 1341; x_wconf 67' lang='grc' dir='ltr'>05122Θ</span> <span class='ocrx_word' id='word_1_121' title='bbox 1485 1302 1686 1340; x_wconf 89' lang='lat' dir='ltr'>nostros</span> <span class='ocrx_word' id='word_1_122' title='bbox 1723 1293 1932 1354; x_wconf 89' lang='lat' dir='ltr'>propter</span> 
     </span>
     <span class='ocr_line' id='line_1_16' title="bbox 96 1367 1931 1442; baseline -0.007 -17"><span class='ocrx_word' id='word_1_123' title='bbox 96 1377 406 1442; x_wconf 85' lang='lat' dir='ltr'>gravitatem</span> <span class='ocrx_word' id='word_1_124' title='bbox 448 1390 728 1432; x_wconf 84' lang='lat' dir='ltr'>armorum,</span> <span class='ocrx_word' id='word_1_125' title='bbox 754 1372 894 1436; x_wconf 90' lang='lat' dir='ltr'>quod</span> <span class='ocrx_word' id='word_1_126' title='bbox 938 1387 1103 1434; x_wconf 88' lang='lat' dir='ltr'>neque</span> <span class='ocrx_word' id='word_1_127' title='bbox 1143 1369 1341 1433; x_wconf 83' lang='lat' dir='ltr'>insequi</span> <span class='ocrx_word' id='word_1_128' title='bbox 1386 1369 1622 1417; x_wconf 84' lang='lat' dir='ltr'>cedentes</span> <span class='ocrx_word' id='word_1_129' title='bbox 1667 1367 1931 1431; x_wconf 74' lang='lat' dir='ltr'>possent²²⁹</span> 
     </span>
     <span class='ocr_line' id='line_1_17' title="bbox 98 1443 1932 1517; baseline -0.006 -16"><span class='ocrx_word' id='word_1_130' title='bbox 98 1469 265 1517; x_wconf 85' lang='lat' dir='ltr'>neque</span> <span class='ocrx_word' id='word_1_131' title='bbox 290 1453 352 1500; x_wconf 88' lang='lat' dir='ltr'>ab</span> <span class='ocrx_word' id='word_1_132' title='bbox 380 1452 542 1515; x_wconf 86' lang='lat' dir='ltr'>signis</span> <span class='ocrx_word' id='word_1_133' title='bbox 567 1450 825 1498; x_wconf 80' lang='lat' dir='ltr'>discedere</span> <span class='ocrx_word' id='word_1_134' title='bbox 861 1448 1128 1506; x_wconf 89' lang='lat' dir='ltr'>auderent,</span> <span class='ocrx_word' id='word_1_135' title='bbox 1157 1447 1329 1494; x_wconf 89' lang='lat' dir='ltr'>minus</span> <span class='ocrx_word' id='word_1_136' title='bbox 1366 1450 1511 1508; x_wconf 87' lang='lat' dir='ltr'>aptos</span> <span class='ocrx_word' id='word_1_137' title='bbox 1537 1460 1642 1492; x_wconf 87' lang='lat' dir='ltr'>esse</span> <span class='ocrx_word' id='word_1_138' title='bbox 1673 1444 1737 1491; x_wconf 85' lang='lat' dir='ltr'>ad</span> <span class='ocrx_word' id='word_1_139' title='bbox 1774 1443 1932 1506; x_wconf 82' lang='lat' dir='ltr'>hujus</span> 
     </span>
     <span class='ocr_line' id='line_1_18' title="bbox 98 1520 1932 1595; baseline -0.007 -17"><span class='ocrx_word' id='word_1_140' title='bbox 98 1529 302 1595; x_wconf 90' lang='lat' dir='ltr'>generis</span> <span class='ocrx_word' id='word_1_141' title='bbox 347 1529 565 1586; x_wconf 86' lang='lat' dir='ltr'>hostem,</span> <span class='ocrx_word' id='word_1_142' title='bbox 609 1527 806 1590; x_wconf 85' lang='lat' dir='ltr'>equites</span> <span class='ocrx_word' id='word_1_143' title='bbox 850 1529 1025 1572; x_wconf 84' lang='lat' dir='ltr'>autem</span> <span class='ocrx_word' id='word_1_144' title='bbox 1068 1540 1257 1587; x_wconf 87' lang='lat' dir='ltr'>magno</span> <span class='ocrx_word' id='word_1_145' title='bbox 1301 1538 1420 1571; x_wconf 91' lang='lat' dir='ltr'>cum</span> <span class='ocrx_word' id='word_1_146' title='bbox 1466 1521 1696 1585; x_wconf 87' lang='lat' dir='ltr'>periculo</span> <span class='ocrx_word' id='word_1_147' title='bbox 1738 1520 1932 1583; x_wconf 91' lang='lat' dir='ltr'>proelio</span> 
     </span>
     <span class='ocr_line' id='line_1_19' title="bbox 99 1596 1931 1667; baseline -0.007 -12"><span class='ocrx_word' id='word_1_148' title='bbox 99 1606 360 1660; x_wconf 86' lang='lat' dir='ltr'>dimicare,</span> <span class='ocrx_word' id='word_1_149' title='bbox 387 1606 658 1667; x_wconf 83' lang='lat' dir='ltr'>propterea</span> <span class='ocrx_word' id='word_1_150' title='bbox 694 1601 831 1665; x_wconf 91' lang='lat' dir='ltr'>quod</span> <span class='ocrx_word' id='word_1_151' title='bbox 870 1601 947 1648; x_wconf 90' lang='lat' dir='ltr'>illi</span> <span class='ocrx_word' id='word_1_152' title='bbox 985 1600 1140 1648; x_wconf 84' lang='lat' dir='ltr'>etiam</span> <span class='ocrx_word' id='word_1_153' title='bbox 1179 1600 1417 1648; x_wconf 89' lang='lat' dir='ltr'>consulto</span> <span class='ocrx_word' id='word_1_154' title='bbox 1454 1598 1760 1661; x_wconf 83' lang='lat' dir='ltr'>plerumque</span> <span class='ocrx_word' id='word_1_155' title='bbox 1790 1596 1931 1644; x_wconf 86' lang='lat' dir='ltr'>cede-</span> 
     </span>
     <span class='ocr_line' id='line_1_20' title="bbox 99 1673 1932 1743; baseline -0.007 -12"><span class='ocrx_word' id='word_1_156' title='bbox 99 1686 230 1741; x_wconf 80' lang='lat' dir='ltr'>rent,</span> <span class='ocrx_word' id='word_1_157' title='bbox 258 1686 308 1729; x_wconf 91' lang='lat' dir='ltr'>et</span> <span class='ocrx_word' id='word_1_158' title='bbox 345 1697 467 1729; x_wconf 89' lang='lat' dir='ltr'>cum</span> <span class='ocrx_word' id='word_1_159' title='bbox 504 1679 722 1743; x_wconf 90' lang='lat' dir='ltr'>paulum</span> <span class='ocrx_word' id='word_1_160' title='bbox 759 1679 820 1726; x_wconf 86' lang='lat' dir='ltr'>ab</span> <span class='ocrx_word' id='word_1_161' title='bbox 857 1677 1149 1741; x_wconf 81' lang='lat' dir='ltr'>legionibus</span> <span class='ocrx_word' id='word_1_162' title='bbox 1187 1679 1391 1724; x_wconf 87' lang='lat' dir='ltr'>nostros</span> <span class='ocrx_word' id='word_1_163' title='bbox 1427 1673 1841 1731; x_wconf 73' lang='lat' dir='ltr'>1·emovissent,²³⁰</span> <span class='ocrx_word' id='word_1_164' title='bbox 1872 1690 1932 1721; x_wconf 80' lang='lat' dir='ltr'>ex</span> 
     </span>
     <span class='ocr_line' id='line_1_21' title="bbox 99 1749 1936 1818; baseline -0.005 -11"><span class='ocrx_word' id='word_1_165' title='bbox 99 1758 284 1807; x_wconf 88' lang='lat' dir='ltr'>essedis</span> <span class='ocrx_word' id='word_1_166' title='bbox 332 1757 599 1805; x_wconf 88' lang='lat' dir='ltr'>desilirent</span> <span class='ocrx_word' id='word_1_167' title='bbox 657 1758 707 1803; x_wconf 90' lang='lat' dir='ltr'>et</span> <span class='ocrx_word' id='word_1_168' title='bbox 764 1754 983 1818; x_wconf 88' lang='lat' dir='ltr'>pedibus</span> <span class='ocrx_word' id='word_1_169' title='bbox 1042 1752 1235 1816; x_wconf 85' lang='lat' dir='ltr'>dispari</span> <span class='ocrx_word' id='word_1_170' title='bbox 1293 1751 1487 1815; x_wconf 91' lang='lat' dir='ltr'>proelio</span> <span class='ocrx_word' id='word_1_171' title='bbox 1547 1749 1936 1798; x_wconf 81' lang='lat' dir='ltr'>contenderent.</span> 
     </span>
     <span class='ocr_line' id='line_1_22' title="bbox 100 1827 1935 1898; baseline -0.005 -15"><span class='ocrx_word' id='word_1_172' title='bbox 100 1834 372 1898; x_wconf 85' lang='lat' dir='ltr'>Equestris</span> <span class='ocrx_word' id='word_1_173' title='bbox 414 1840 590 1881; x_wconf 87' lang='lat' dir='ltr'>autem</span> <span class='ocrx_word' id='word_1_174' title='bbox 631 1831 813 1895; x_wconf 88' lang='lat' dir='ltr'>proelii</span> <span class='ocrx_word' id='word_1_175' title='bbox 855 1830 988 1878; x_wconf 88' lang='lat' dir='ltr'>ratio</span> <span class='ocrx_word' id='word_1_176' title='bbox 1026 1836 1075 1878; x_wconf 93' lang='lat' dir='ltr'>et</span> <span class='ocrx_word' id='word_1_177' title='bbox 1112 1829 1416 1877; x_wconf 86' lang='lat' dir='ltr'>cedentibus</span> <span class='ocrx_word' id='word_1_178' title='bbox 1451 1832 1502 1874; x_wconf 88' lang='lat' dir='ltr'>et</span> <span class='ocrx_word' id='word_1_179' title='bbox 1540 1827 1935 1889; x_wconf 86' lang='lat' dir='ltr'>insequentibus</span> 
     </span>
     <span class='ocr_line' id='line_1_23' title="bbox 99 1902 1937 1975; baseline -0.005 -16"><span class='ocrx_word' id='word_1_180' title='bbox 99 1927 192 1975; x_wconf 85' lang='lat' dir='ltr'>par</span> <span class='ocrx_word' id='word_1_181' title='bbox 239 1914 392 1974; x_wconf 85' lang='lat' dir='ltr'>atque</span> <span class='ocrx_word' id='word_1_182' title='bbox 440 1909 578 1957; x_wconf 86' lang='lat' dir='ltr'>idem</span> <span class='ocrx_word' id='word_1_183' title='bbox 627 1907 919 1971; x_wconf 90' lang='lat' dir='ltr'>periculum</span> <span class='ocrx_word' id='word_1_184' title='bbox 968 1907 1232 1954; x_wconf 84' lang='lat' dir='ltr'>inferebat.</span> <span class='ocrx_word' id='word_1_185' title='bbox 1325 1904 1619 1952; x_wconf 85' lang='lat' dir='ltr'>Accedebat</span> <span class='ocrx_word' id='word_1_186' title='bbox 1666 1902 1824 1950; x_wconf 84' lang='lat' dir='ltr'>huc²³¹</span> <span class='ocrx_word' id='word_1_187' title='bbox 1875 1906 1937 1950; x_wconf 89' lang='lat' dir='ltr'>ut</span> 
     </span>
     <span class='ocr_line' id='line_1_24' title="bbox 99 1979 1935 2051; baseline -0.005 -16"><span class='ocrx_word' id='word_1_188' title='bbox 99 2003 389 2051; x_wconf 77' lang='lat' dir='ltr'>numquam</span> <span class='ocrx_word' id='word_1_189' title='bbox 417 1986 635 2034; x_wconf 85' lang='lat' dir='ltr'>conferti</span> <span class='ocrx_word' id='word_1_190' title='bbox 663 1984 751 2033; x_wconf 89' lang='lat' dir='ltr'>sed</span> <span class='ocrx_word' id='word_1_191' title='bbox 784 1983 887 2031; x_wconf 85' lang='lat' dir='ltr'>rari</span> <span class='ocrx_word' id='word_1_192' title='bbox 925 1981 1285 2047; x_wconf 68' lang='lat' dir='ltr'>nmgnisque‘2·‘⁸2</span> <span class='ocrx_word' id='word_1_193' title='bbox 1313 1979 1600 2028; x_wconf 81' lang='lat' dir='ltr'>intervallis</span> <span class='ocrx_word' id='word_1_194' title='bbox 1625 1980 1935 2042; x_wconf 86' lang='lat' dir='ltr'>proeliaren-</span> 
     </span>
     <span class='ocr_line' id='line_1_25' title="bbox 100 2056 1937 2127; baseline -0.004 -16"><span class='ocrx_word' id='word_1_195' title='bbox 100 2069 204 2123; x_wconf 89' lang='lat' dir='ltr'>tur,</span> <span class='ocrx_word' id='word_1_196' title='bbox 237 2064 586 2127; x_wconf 87' lang='lat' dir='ltr'>stationesque</span> <span class='ocrx_word' id='word_1_197' title='bbox 624 2060 896 2124; x_wconf 88' lang='lat' dir='ltr'>dispositas</span> <span class='ocrx_word' id='word_1_198' title='bbox 933 2060 1197 2117; x_wconf 86' lang='lat' dir='ltr'>haberent,</span> <span class='ocrx_word' id='word_1_199' title='bbox 1225 2060 1379 2121; x_wconf 91' lang='lat' dir='ltr'>atque</span> <span class='ocrx_word' id='word_1_200' title='bbox 1416 2057 1540 2105; x_wconf 87' lang='lat' dir='ltr'>alios</span> <span class='ocrx_word' id='word_1_201' title='bbox 1571 2056 1657 2104; x_wconf 88' lang='lat' dir='ltr'>alii</span> <span class='ocrx_word' id='word_1_202' title='bbox 1695 2056 1937 2119; x_wconf 86' lang='lat' dir='ltr'>deinceps</span> 
     </span>
     <span class='ocr_line' id='line_1_26' title="bbox 101 2133 1742 2203; baseline -0.005 -16"><span class='ocrx_word' id='word_1_203' title='bbox 101 2140 400 2203; x_wconf 75' lang='lat' dir='ltr'>exciperent</span> <span class='ocrx_word' id='word_1_204' title='bbox 426 2138 717 2202; x_wconf 85' lang='lat' dir='ltr'>integrique</span> <span class='ocrx_word' id='word_1_205' title='bbox 744 2139 794 2185; x_wconf 92' lang='lat' dir='ltr'>et</span> <span class='ocrx_word' id='word_1_206' title='bbox 819 2142 1047 2184; x_wconf 84' lang='lat' dir='ltr'>recentes</span> <span class='ocrx_word' id='word_1_207' title='bbox 1074 2135 1368 2198; x_wconf 83' lang='lat' dir='ltr'>defatigatis</span> <span class='ocrx_word' id='word_1_208' title='bbox 1395 2133 1742 2182; x_wconf 79' lang='lat' dir='ltr'>succederent.</span> 
     </span>
    </p>

    <p class='ocr_par' dir='ltr' id='par_1_4' title="bbox 167 2207 1938 2276">
     <span class='ocr_line' id='line_1_27' title="bbox 167 2207 1938 2276; baseline -0.005 -12"><span class='ocrx_word' id='word_1_209' title='bbox 167 2216 344 2265; x_wconf 88' lang='lat' dir='ltr'><strong>XVII.</strong></span> <span class='ocrx_word' id='word_1_210' title='bbox 384 2216 595 2264; x_wconf 86' lang='lat' dir='ltr'>Postero</span> <span class='ocrx_word' id='word_1_211' title='bbox 622 2214 702 2261; x_wconf 88' lang='lat' dir='ltr'>die</span> <span class='ocrx_word' id='word_1_212' title='bbox 728 2213 908 2276; x_wconf 90' lang='lat' dir='ltr'>procul</span> <span class='ocrx_word' id='word_1_213' title='bbox 940 2230 969 2261; x_wconf 85' lang='lat' dir='ltr'>a</span> <span class='ocrx_word' id='word_1_214' title='bbox 995 2213 1177 2260; x_wconf 88' lang='lat' dir='ltr'>castris</span> <span class='ocrx_word' id='word_1_215' title='bbox 1213 2211 1385 2259; x_wconf 85' lang='lat' dir='ltr'>hostes</span> <span class='ocrx_word' id='word_1_216' title='bbox 1423 2211 1475 2258; x_wconf 86' lang='lat' dir='ltr'>in</span> <span class='ocrx_word' id='word_1_217' title='bbox 1504 2209 1720 2258; x_wconf 88' lang='lat' dir='ltr'>collibus</span> <span class='ocrx_word' id='word_1_218' title='bbox 1746 2207 1938 2256; x_wconf 88' lang='lat' dir='ltr'>consti-</span> 
     </span>
    </p>
   </div>
   <div class='ocr_carea' id='block_1_3' title="bbox 101 2319 1936 2440">
    <p class='ocr_par' dir='ltr' id='par_1_5' title="bbox 101 2319 1936 2440">
     <span class='ocr_line' id='line_1_28' title="bbox 146 2319 1936 2383; baseline -0.003 -11"><span class='ocrx_word' id='word_1_219' title='bbox 146 2319 201 2354; x_wconf 75' lang='grc'>222</span> <span class='ocrx_word' id='word_1_220' title='bbox 221 2332 566 2383; x_wconf 72' lang='lat' dir='ltr'>Compulerint:</span> <span class='ocrx_word' id='word_1_221' title='bbox 596 2332 691 2371; x_wconf 90' lang='lat' dir='ltr'>The</span> <span class='ocrx_word' id='word_1_222' title='bbox 704 2332 874 2382; x_wconf 87' lang='lat' dir='ltr'>perfect</span> <span class='ocrx_word' id='word_1_223' title='bbox 889 2331 990 2369; x_wconf 89' lang='lat' dir='ltr'>sub·</span> <span class='ocrx_word' id='word_1_224' title='bbox 1034 2330 1112 2369; x_wconf 86' lang='lat' dir='ltr'>the</span> <span class='ocrx_word' id='word_1_225' title='bbox 1142 2330 1349 2381; x_wconf 87' lang='lat' dir='ltr'>position,</span> <span class='ocrx_word' id='word_1_226' title='bbox 1376 2341 1450 2368; x_wconf 90' lang='lat' dir='ltr'>see</span> <span class='ocrx_word' id='word_1_227' title='bbox 1481 2341 1514 2368; x_wconf 91' lang='grc'>0.</span> <span class='ocrx_word' id='word_1_228' title='bbox 1536 2328 1610 2375; x_wconf 69' lang='lat' dir='ltr'>iv„</span> <span class='ocrx_word' id='word_1_229' title='bbox 1637 2327 1712 2366; x_wconf 84' lang='lat'>73.</span> <span class='ocrx_word' id='word_1_230' title='bbox 1769 2327 1820 2366; x_wconf 86' lang='lat' dir='ltr'>G.</span> <span class='ocrx_word' id='word_1_231' title='bbox 1843 2326 1936 2373; x_wconf 82' lang='lat'>680,</span> 
     </span>
     <span class='ocr_line' id='line_1_29' title="bbox 101 2385 1148 2440; baseline -0.003 -14"><span class='ocrx_word' id='word_1_232' title='bbox 101 2387 302 2440; x_wconf 81' lang='lat' dir='ltr'>junctive</span> <span class='ocrx_word' id='word_1_233' title='bbox 342 2389 460 2426; x_wconf 80' lang='lat' dir='ltr'>after</span> <span class='ocrx_word' id='word_1_234' title='bbox 498 2399 555 2425; x_wconf 86' lang='lat' dir='ltr'>an</span> <span class='ocrx_word' id='word_1_235' title='bbox 597 2386 826 2425; x_wconf 85' lang='lat' dir='ltr'>historical</span> <span class='ocrx_word' id='word_1_236' title='bbox 864 2390 992 2424; x_wconf 84' lang='lat' dir='ltr'>tense</span> <span class='ocrx_word' id='word_1_237' title='bbox 1037 2385 1088 2423; x_wconf 85' lang='lat' dir='ltr'>R.</span> <span class='ocrx_word' id='word_1_238' title='bbox 1110 2385 1148 2424; x_wconf 78' lang='lat'>2.</span> 
     </span>
    </p>
   </div>
   <div class='ocr_carea' id='block_1_4' title="bbox 101 2439 1000 3188">
    <p class='ocr_par' dir='ltr' id='par_1_6' title="bbox 101 2439 994 2588">
     <span class='ocr_line' id='line_1_30' title="bbox 101 2439 993 2492; baseline -0.003 -12"><span class='ocrx_word' id='word_1_239' title='bbox 101 2442 228 2492; x_wconf 78' lang='lat' dir='ltr'>gives</span> <span class='ocrx_word' id='word_1_240' title='bbox 249 2441 325 2480; x_wconf 89' lang='lat' dir='ltr'>the</span> <span class='ocrx_word' id='word_1_241' title='bbox 346 2441 452 2479; x_wconf 88' lang='lat' dir='ltr'>final</span> <span class='ocrx_word' id='word_1_242' title='bbox 474 2440 616 2479; x_wconf 86' lang='lat' dir='ltr'>result</span> <span class='ocrx_word' id='word_1_243' title='bbox 637 2439 850 2490; x_wconf 85' lang='lat' dir='ltr'>(upshot),</span> <span class='ocrx_word' id='word_1_244' title='bbox 867 2441 993 2477; x_wconf 78' lang='lat' dir='ltr'>often</span> 
     </span>
     <span class='ocr_line' id='line_1_31' title="bbox 103 2493 994 2588; baseline -0.004 -55"><span class='ocrx_word' id='word_1_245' title='bbox 103 2495 212 2588; x_wconf 44' lang='lat' dir='ltr'>git}</span> <span class='ocrx_word' id='word_1_246' title='bbox 233 2494 328 2588; x_wconf 79' lang='lat' dir='ltr'>3the</span> <span class='ocrx_word' id='word_1_247' title='bbox 368 2495 587 2546; x_wconf 83' lang='lat' dir='ltr'>negative,</span> <span class='ocrx_word' id='word_1_248' title='bbox 619 2506 667 2533; x_wconf 84' lang='lat' dir='ltr'>as</span> <span class='ocrx_word' id='word_1_249' title='bbox 698 2506 732 2533; x_wconf 89' lang='grc'>0.</span> <span class='ocrx_word' id='word_1_250' title='bbox 764 2493 858 2540; x_wconf 66' lang='lat' dir='ltr'>liv„</span> <span class='ocrx_word' id='word_1_251' title='bbox 888 2493 994 2530; x_wconf 88' lang='lat'>662.</span> 
     </span>
    </p>

    <p class='ocr_par' dir='ltr' id='par_1_7' title="bbox 103 2601 996 2703">
     <span class='ocr_line' id='line_1_32' title="bbox 156 2601 996 2652; baseline -0.005 -11"><span class='ocrx_word' id='word_1_252' title='bbox 156 2601 207 2622; x_wconf 76' lang='lat'>²²³</span> <span class='ocrx_word' id='word_1_253' title='bbox 230 2601 481 2652; x_wconf 76' lang='lat' dir='ltr'>Cupidius:</span> <span class='ocrx_word' id='word_1_254' title='bbox 521 2615 578 2642; x_wconf 88' lang='grc'>50.</span> <span class='ocrx_word' id='word_1_255' title='bbox 605 2613 743 2652; x_wconf 84' lang='lat' dir='ltr'>quam</span> <span class='ocrx_word' id='word_1_256' title='bbox 770 2612 855 2651; x_wconf 86' lang='lat' dir='ltr'>par</span> <span class='ocrx_word' id='word_1_257' title='bbox 885 2603 996 2651; x_wconf 83' lang='lat' dir='ltr'>erat,</span> 
     </span>
     <span class='ocr_line' id='line_1_33' title="bbox 103 2656 599 2703; baseline 0 -8"><span class='ocrx_word' id='word_1_258' title='bbox 103 2668 137 2696; x_wconf 86' lang='grc'>0.</span> <span class='ocrx_word' id='word_1_259' title='bbox 160 2657 250 2703; x_wconf 66' lang='lat' dir='ltr'>vii„</span> <span class='ocrx_word' id='word_1_260' title='bbox 278 2657 377 2694; x_wconf 87' lang='lat'>116.</span> <span class='ocrx_word' id='word_1_261' title='bbox 436 2656 486 2695; x_wconf 94' lang='lat' dir='ltr'>G.</span> <span class='ocrx_word' id='word_1_262' title='bbox 508 2656 599 2695; x_wconf 79' lang='lat'>312.</span> 
     </span>
    </p>

    <p class='ocr_par' dir='ltr' id='par_1_8' title="bbox 107 2708 997 2810">
     <span class='ocr_line' id='line_1_34' title="bbox 157 2708 997 2759; baseline -0.002 -11"><span class='ocrx_word' id='word_1_263' title='bbox 157 2708 202 2730; x_wconf 74' lang='lat'>²²⁴</span> <span class='ocrx_word' id='word_1_264' title='bbox 230 2710 467 2749; x_wconf 77' lang='lat' dir='ltr'>subsidio:</span> <span class='ocrx_word' id='word_1_265' title='bbox 498 2710 659 2748; x_wconf 81' lang='lat' dir='ltr'>Dative</span> <span class='ocrx_word' id='word_1_266' title='bbox 680 2709 730 2747; x_wconf 81' lang='lat' dir='ltr'>of</span> <span class='ocrx_word' id='word_1_267' title='bbox 749 2708 827 2747; x_wconf 91' lang='lat' dir='ltr'>the</span> <span class='ocrx_word' id='word_1_268' title='bbox 848 2709 997 2759; x_wconf 86' lang='lat' dir='ltr'>object</span> 
     </span>
     <span class='ocr_line' id='line_1_35' title="bbox 107 2763 796 2810; baseline 0 -8"><span class='ocrx_word' id='word_1_269' title='bbox 107 2763 176 2803; x_wconf 74' lang='lat' dir='ltr'>for</span> <span class='ocrx_word' id='word_1_270' title='bbox 197 2763 360 2809; x_wconf 84' lang='lat' dir='ltr'>which,</span> <span class='ocrx_word' id='word_1_271' title='bbox 381 2776 414 2802; x_wconf 90' lang='lat' dir='ltr'>c.</span> <span class='ocrx_word' id='word_1_272' title='bbox 437 2765 479 2810; x_wconf 79' lang='grc'>1.,</span> <span class='ocrx_word' id='word_1_273' title='bbox 498 2763 573 2801; x_wconf 94' lang='lat'>22.</span> <span class='ocrx_word' id='word_1_274' title='bbox 631 2763 682 2802; x_wconf 90' lang='lat' dir='ltr'>G.</span> <span class='ocrx_word' id='word_1_275' title='bbox 704 2763 796 2802; x_wconf 80' lang='lat'>350.</span> 
     </span>
    </p>

    <p class='ocr_par' dir='ltr' id='par_1_9' title="bbox 104 2815 1000 2975">
     <span class='ocr_line' id='line_1_36' title="bbox 157 2815 999 2866; baseline -0.004 -10"><span class='ocrx_word' id='word_1_276' title='bbox 157 2816 204 2837; x_wconf 73' lang='lat'>²²³⁵</span> <span class='ocrx_word' id='word_1_277' title='bbox 225 2819 384 2866; x_wconf 81' lang='lat' dir='ltr'>Atque</span> <span class='ocrx_word' id='word_1_278' title='bbox 403 2817 476 2856; x_wconf 87' lang='lat' dir='ltr'>his</span> <span class='ocrx_word' id='word_1_279' title='bbox 496 2816 678 2866; x_wconf 84' lang='lat' dir='ltr'>primis:</span> <span class='ocrx_word' id='word_1_280' title='bbox 707 2817 866 2865; x_wconf 82' lang='lat' dir='ltr'>Atque</span> <span class='ocrx_word' id='word_1_281' title='bbox 888 2815 999 2854; x_wconf 83' lang='lat' dir='ltr'>with</span> 
     </span>
     <span class='ocr_line' id='line_1_37' title="bbox 104 2870 1000 2922; baseline -0.001 -13"><span class='ocrx_word' id='word_1_282' title='bbox 104 2871 345 2922; x_wconf 78' lang='lat' dir='ltr'>emphasis,</span> <span class='ocrx_word' id='word_1_283' title='bbox 388 2872 481 2910; x_wconf 76' lang='lat' dir='ltr'>and</span> <span class='ocrx_word' id='word_1_284' title='bbox 519 2871 615 2910; x_wconf 71' lang='lat' dir='ltr'>that</span> <span class='ocrx_word' id='word_1_285' title='bbox 654 2870 723 2909; x_wconf 73' lang='lat' dir='ltr'>the</span> <span class='ocrx_word' id='word_1_286' title='bbox 762 2871 866 2919; x_wconf 69' lang='lat' dir='ltr'>first</span> <span class='ocrx_word' id='word_1_287' title='bbox 907 2870 1000 2909; x_wconf 77' lang='lat' dir='ltr'>and</span> 
     </span>
     <span class='ocr_line' id='line_1_38' title="bbox 105 2923 961 2975; baseline -0.004 -11"><span class='ocrx_word' id='word_1_288' title='bbox 105 2924 217 2973; x_wconf 49' lang='lat' dir='ltr'>besu</span> <span class='ocrx_word' id='word_1_289' title='bbox 247 2938 387 2975; x_wconf 86' lang='lat' dir='ltr'>comp.</span> <span class='ocrx_word' id='word_1_290' title='bbox 411 2937 444 2963; x_wconf 92' lang='grc'>0.</span> <span class='ocrx_word' id='word_1_291' title='bbox 467 2926 510 2971; x_wconf 82' lang='grc'>1.,</span> <span class='ocrx_word' id='word_1_292' title='bbox 532 2926 600 2963; x_wconf 84' lang='grc'>17.</span> <span class='ocrx_word' id='word_1_293' title='bbox 657 2924 708 2963; x_wconf 87' lang='lat' dir='ltr'>G.</span> <span class='ocrx_word' id='word_1_294' title='bbox 733 2923 827 2970; x_wconf 79' lang='lat'>293,</span> <span class='ocrx_word' id='word_1_295' title='bbox 853 2924 902 2962; x_wconf 91' lang='lat' dir='ltr'>R.</span> <span class='ocrx_word' id='word_1_296' title='bbox 924 2924 961 2962; x_wconf 81' lang='lat'>2.</span> 
     </span>
    </p>

    <p class='ocr_par' dir='ltr' id='par_1_10' title="bbox 107 2977 999 3136">
     <span class='ocr_line' id='line_1_39' title="bbox 157 2977 999 3028; baseline -0.004 -11"><span class='ocrx_word' id='word_1_297' title='bbox 157 2977 208 2998; x_wconf 76' lang='lat'>²²⁶</span> <span class='ocrx_word' id='word_1_298' title='bbox 231 2977 525 3028; x_wconf 81' lang='lat' dir='ltr'>Interficitur,</span> <span class='ocrx_word' id='word_1_299' title='bbox 546 2977 859 3027; x_wconf 84' lang='lat' dir='ltr'>repelluntur:</span> <span class='ocrx_word' id='word_1_300' title='bbox 900 2977 999 3015; x_wconf 85' lang='lat' dir='ltr'>His-</span> 
     </span>
     <span class='ocr_line' id='line_1_40' title="bbox 107 3031 998 3082; baseline 0 -13"><span class='ocrx_word' id='word_1_301' title='bbox 107 3033 259 3071; x_wconf 86' lang='lat' dir='ltr'>torical</span> <span class='ocrx_word' id='word_1_302' title='bbox 298 3037 516 3082; x_wconf 73' lang='lat' dir='ltr'>presente,</span> <span class='ocrx_word' id='word_1_303' title='bbox 545 3037 591 3070; x_wconf 89' lang='lat' dir='ltr'>to</span> <span class='ocrx_word' id='word_1_304' title='bbox 630 3032 685 3070; x_wconf 85' lang='lat' dir='ltr'>be</span> <span class='ocrx_word' id='word_1_305' title='bbox 725 3031 915 3069; x_wconf 83' lang='lat' dir='ltr'>avoided</span> <span class='ocrx_word' id='word_1_306' title='bbox 953 3032 998 3069; x_wconf 89' lang='lat' dir='ltr'>in</span> 
     </span>
     <span class='ocr_line' id='line_1_41' title="bbox 109 3085 721 3136; baseline -0.002 -12"><span class='ocrx_word' id='word_1_307' title='bbox 109 3085 313 3136; x_wconf 79' lang='lat' dir='ltr'>English,</span> <span class='ocrx_word' id='word_1_308' title='bbox 334 3099 366 3125; x_wconf 88' lang='lat' dir='ltr'>c.</span> <span class='ocrx_word' id='word_1_309' title='bbox 390 3087 431 3132; x_wconf 87' lang='lat' dir='ltr'>i,</span> <span class='ocrx_word' id='word_1_310' title='bbox 458 3086 499 3123; x_wconf 89' lang='lat'>6.</span> <span class='ocrx_word' id='word_1_311' title='bbox 558 3086 607 3124; x_wconf 81' lang='lat' dir='ltr'>G.</span> <span class='ocrx_word' id='word_1_312' title='bbox 629 3085 721 3124; x_wconf 74' lang='lat'>220.</span> 
     </span>
    </p>

    <p class='ocr_par' dir='ltr' id='par_1_11' title="bbox 160 3139 1000 3188">
     <span class='ocr_line' id='line_1_42' title="bbox 160 3139 1000 3188; baseline -0.001 -10"><span class='ocrx_word' id='word_1_313' title='bbox 160 3139 278 3180; x_wconf 85' lang='lat' dir='ltr'><strong>XVI.</strong></span> <span class='ocrx_word' id='word_1_314' title='bbox 300 3140 351 3160; x_wconf 78' lang='lat'>²²⁷</span> <span class='ocrx_word' id='word_1_315' title='bbox 374 3140 491 3179; x_wconf 73' lang='lat' dir='ltr'>Toto</span> <span class='ocrx_word' id='word_1_316' title='bbox 521 3140 611 3178; x_wconf 87' lang='lat' dir='ltr'>hoc</span> <span class='ocrx_word' id='word_1_317' title='bbox 641 3140 690 3176; x_wconf 82' lang='lat' dir='ltr'>in</span> <span class='ocrx_word' id='word_1_318' title='bbox 710 3150 902 3188; x_wconf 83' lang='lat' dir='ltr'>genere:</span> <span class='ocrx_word' id='word_1_319' title='bbox 933 3139 1000 3177; x_wconf 90' lang='lat' dir='ltr'>On</span> 
     </span>
    </p>
   </div>
   <div class='ocr_carea' id='block_1_5' title="bbox 1038 2437 1944 3191">
    <p class='ocr_par' dir='ltr' id='par_1_12' title="bbox 1038 2437 1940 2693">
     <span class='ocr_line' id='line_1_43' title="bbox 1091 2437 1939 2477; baseline -0.004 0"><span class='ocrx_word' id='word_1_320' title='bbox 1091 2437 1137 2458; x_wconf 73' lang='lat'>²²³</span> <span class='ocrx_word' id='word_1_321' title='bbox 1158 2437 1456 2477; x_wconf 82' lang='lat' dir='ltr'>Intellectum</span> <span class='ocrx_word' id='word_1_322' title='bbox 1514 2448 1539 2474; x_wconf 93' lang='lat' dir='ltr'>e</span> <span class='ocrx_word' id='word_1_323' title='bbox 1553 2447 1574 2474; x_wconf 89' lang='lat' dir='ltr'>s</span> <span class='ocrx_word' id='word_1_324' title='bbox 1586 2438 1693 2473; x_wconf 88' lang='lat' dir='ltr'>t—n</span> <span class='ocrx_word' id='word_1_325' title='bbox 1705 2446 1733 2472; x_wconf 90' lang='grc' dir='ltr'>ο</span> <span class='ocrx_word' id='word_1_326' title='bbox 1746 2447 1767 2474; x_wconf 83' lang='grc'>5</span> <span class='ocrx_word' id='word_1_327' title='bbox 1780 2438 1800 2473; x_wconf 89' lang='lat' dir='ltr'>t</span> <span class='ocrx_word' id='word_1_328' title='bbox 1811 2446 1836 2472; x_wconf 91' lang='lat' dir='ltr'>r</span> <span class='ocrx_word' id='word_1_329' title='bbox 1847 2445 1874 2473; x_wconf 92' lang='grc' dir='ltr'>ο</span> <span class='ocrx_word' id='word_1_330' title='bbox 1889 2446 1910 2472; x_wconf 85' lang='lat' dir='ltr'>s</span> <span class='ocrx_word' id='word_1_331' title='bbox 1930 2447 1939 2474; x_wconf 92' lang='lat'>:</span> 
     </span>
     <span class='ocr_line' id='line_1_44' title="bbox 1038 2489 1940 2541; baseline -0.006 -10"><span class='ocrx_word' id='word_1_332' title='bbox 1038 2492 1195 2531; x_wconf 88' lang='lat' dir='ltr'>Forms</span> <span class='ocrx_word' id='word_1_333' title='bbox 1217 2490 1526 2541; x_wconf 85' lang='lat' dir='ltr'>compounded</span> <span class='ocrx_word' id='word_1_334' title='bbox 1548 2489 1660 2528; x_wconf 82' lang='lat' dir='ltr'>with</span> <span class='ocrx_word' id='word_1_335' title='bbox 1682 2501 1782 2527; x_wconf 86' lang='lat' dir='ltr'>esse</span> <span class='ocrx_word' id='word_1_336' title='bbox 1812 2501 1940 2540; x_wconf 87' lang='lat' dir='ltr'>regu-</span> 
     </span>
     <span class='ocr_line' id='line_1_45' title="bbox 1038 2543 1938 2597; baseline -0.004 -13"><span class='ocrx_word' id='word_1_337' title='bbox 1038 2546 1155 2597; x_wconf 76' lang='lat' dir='ltr'>larly</span> <span class='ocrx_word' id='word_1_338' title='bbox 1178 2547 1281 2584; x_wconf 82' lang='lat' dir='ltr'>take</span> <span class='ocrx_word' id='word_1_339' title='bbox 1301 2545 1380 2584; x_wconf 87' lang='lat' dir='ltr'>the</span> <span class='ocrx_word' id='word_1_340' title='bbox 1410 2543 1681 2594; x_wconf 87' lang='lat' dir='ltr'>impersonal</span> <span class='ocrx_word' id='word_1_341' title='bbox 1712 2548 1938 2582; x_wconf 87' lang='lat' dir='ltr'>construc-</span> 
     </span>
     <span class='ocr_line' id='line_1_46' title="bbox 1039 2596 1940 2638; baseline -0.004 0"><span class='ocrx_word' id='word_1_342' title='bbox 1039 2601 1134 2638; x_wconf 90' lang='lat' dir='ltr'>tion</span> <span class='ocrx_word' id='word_1_343' title='bbox 1155 2600 1242 2638; x_wconf 87' lang='lat' dir='ltr'>and</span> <span class='ocrx_word' id='word_1_344' title='bbox 1262 2604 1339 2637; x_wconf 87' lang='lat' dir='ltr'>not</span> <span class='ocrx_word' id='word_1_345' title='bbox 1371 2598 1446 2637; x_wconf 89' lang='lat' dir='ltr'>the</span> <span class='ocrx_word' id='word_1_346' title='bbox 1467 2598 1743 2636; x_wconf 86' lang='lat' dir='ltr'>nominative</span> <span class='ocrx_word' id='word_1_347' title='bbox 1767 2596 1855 2634; x_wconf 84' lang='lat' dir='ltr'>and</span> <span class='ocrx_word' id='word_1_348' title='bbox 1874 2597 1940 2634; x_wconf 87' lang='lat' dir='ltr'>in-</span> 
     </span>
     <span class='ocr_line' id='line_1_47' title="bbox 1040 2653 1450 2693; baseline 0 -1"><span class='ocrx_word' id='word_1_349' title='bbox 1040 2653 1227 2693; x_wconf 80' lang='lat' dir='ltr'>finitive.</span> <span class='ocrx_word' id='word_1_350' title='bbox 1286 2653 1337 2692; x_wconf 92' lang='lat' dir='ltr'>G.</span> <span class='ocrx_word' id='word_1_351' title='bbox 1359 2653 1450 2692; x_wconf 80' lang='lat'>528.</span> 
     </span>
    </p>

    <p class='ocr_par' dir='ltr' id='par_1_13' title="bbox 1096 2704 1940 2756">
     <span class='ocr_line' id='line_1_48' title="bbox 1096 2704 1940 2756; baseline -0.004 -10"><span class='ocrx_word' id='word_1_352' title='bbox 1096 2706 1142 2727; x_wconf 76' lang='grc'>222</span> <span class='ocrx_word' id='word_1_353' title='bbox 1166 2707 1302 2755; x_wconf 84' lang='lat' dir='ltr'>Quod</span> <span class='ocrx_word' id='word_1_354' title='bbox 1321 2709 1536 2756; x_wconf 84' lang='lat' dir='ltr'>possent:</span> <span class='ocrx_word' id='word_1_355' title='bbox 1568 2704 1614 2744; x_wconf 92' lang='grc' dir='ltr'>Ο.</span> <span class='ocrx_word' id='word_1_356' title='bbox 1637 2705 1843 2754; x_wconf 84' lang='lat' dir='ltr'>obliqua.</span> <span class='ocrx_word' id='word_1_357' title='bbox 1889 2704 1940 2743; x_wconf 84' lang='lat' dir='ltr'>G.</span> 
     </span>
    </p>

    <p class='ocr_par' dir='ltr' id='par_1_14' title="bbox 1042 2810 1943 2961">
     <span class='ocr_line' id='line_1_49' title="bbox 1096 2810 1941 2862; baseline -0.008 -8"><span class='ocrx_word' id='word_1_358' title='bbox 1096 2814 1148 2835; x_wconf 75' lang='lat'>²³⁰</span> <span class='ocrx_word' id='word_1_359' title='bbox 1172 2815 1292 2854; x_wconf 77' lang='lat' dir='ltr'>Cum</span> <span class='ocrx_word' id='word_1_360' title='bbox 1328 2814 1654 2862; x_wconf 62' lang='lat' dir='ltr'>removissent,</span> <span class='ocrx_word' id='word_1_361' title='bbox 1678 2810 1915 2849; x_wconf 75' lang='lat' dir='ltr'>desilirent</span> <span class='ocrx_word' id='word_1_362' title='bbox 1935 2825 1941 2848; x_wconf 82' lang='lat'>2</span> 
     </span>
     <span class='ocr_line' id='line_1_50' title="bbox 1044 2868 1943 2909; baseline -0.009 -1"><span class='ocrx_word' id='word_1_363' title='bbox 1044 2869 1096 2908; x_wconf 90' lang='lat' dir='ltr'>In</span> <span class='ocrx_word' id='word_1_364' title='bbox 1118 2869 1169 2909; x_wconf 94' lang='grc' dir='ltr'>Ο.</span> <span class='ocrx_word' id='word_1_365' title='bbox 1185 2869 1234 2907; x_wconf 87' lang='lat' dir='ltr'>R.</span> <span class='ocrx_word' id='word_1_366' title='bbox 1259 2870 1292 2907; x_wconf 80' lang='lat' dir='ltr'>it.</span> <span class='ocrx_word' id='word_1_367' title='bbox 1316 2868 1466 2906; x_wconf 83' lang='lat' dir='ltr'>would</span> <span class='ocrx_word' id='word_1_368' title='bbox 1486 2868 1565 2905; x_wconf 88' lang='lat' dir='ltr'>be:</span> <span class='ocrx_word' id='word_1_369' title='bbox 1597 2876 1702 2903; x_wconf 91' lang='lat' dir='ltr'>cum</span> <span class='ocrx_word' id='word_1_370' title='bbox 1729 2875 1943 2902; x_wconf 84' lang='lat' dir='ltr'>remove-</span> 
     </span>
     <span class='ocr_line' id='line_1_51' title="bbox 1042 2920 1711 2961; baseline -0.004 0"><span class='ocrx_word' id='word_1_371' title='bbox 1042 2922 1489 2961; x_wconf 85' lang='lat' dir='ltr'>rant—desiliebant.</span> <span class='ocrx_word' id='word_1_372' title='bbox 1546 2920 1596 2959; x_wconf 82' lang='lat' dir='ltr'>G.</span> <span class='ocrx_word' id='word_1_373' title='bbox 1619 2920 1711 2959; x_wconf 82' lang='lat'>569.</span> 
     </span>
    </p>

    <p class='ocr_par' dir='ltr' id='par_1_15' title="bbox 1044 2970 1944 3076">
     <span class='ocr_line' id='line_1_52' title="bbox 1098 2970 1944 3019; baseline -0.008 -4"><span class='ocrx_word' id='word_1_374' title='bbox 1098 2976 1147 2997; x_wconf 82' lang='lat'>²³¹</span> <span class='ocrx_word' id='word_1_375' title='bbox 1168 2976 1443 3015; x_wconf 85' lang='lat' dir='ltr'>Accedebat</span> <span class='ocrx_word' id='word_1_376' title='bbox 1470 2975 1561 3012; x_wconf 87' lang='lat' dir='ltr'>huc</span> <span class='ocrx_word' id='word_1_377' title='bbox 1590 2975 1670 3012; x_wconf 87' lang='lat' dir='ltr'>ut:</span> <span class='ocrx_word' id='word_1_378' title='bbox 1700 2972 1746 3011; x_wconf 83' lang='lat' dir='ltr'>C.</span> <span class='ocrx_word' id='word_1_379' title='bbox 1769 2972 1842 3019; x_wconf 64' lang='lat' dir='ltr'>vi„</span> <span class='ocrx_word' id='word_1_380' title='bbox 1867 2970 1944 3008; x_wconf 88' lang='lat'>94.</span> 
     </span>
     <span class='ocr_line' id='line_1_53' title="bbox 1044 3030 1345 3076; baseline 0 -6"><span class='ocrx_word' id='word_1_381' title='bbox 1044 3031 1094 3070; x_wconf 87' lang='lat' dir='ltr'>G.</span> <span class='ocrx_word' id='word_1_382' title='bbox 1116 3031 1208 3076; x_wconf 74' lang='lat'>525,</span> <span class='ocrx_word' id='word_1_383' title='bbox 1235 3031 1285 3068; x_wconf 90' lang='lat' dir='ltr'>R.</span> <span class='ocrx_word' id='word_1_384' title='bbox 1308 3030 1345 3070; x_wconf 84' lang='lat'>3.</span> 
     </span>
    </p>

    <p class='ocr_par' dir='ltr' id='par_1_16' title="bbox 1044 3080 1934 3191">
     <span class='ocr_line' id='line_1_54' title="bbox 1097 3080 1934 3133; baseline -0.006 -10"><span class='ocrx_word' id='word_1_385' title='bbox 1097 3084 1147 3104; x_wconf 73' lang='grc'>222</span> <span class='ocrx_word' id='word_1_386' title='bbox 1165 3084 1448 3133; x_wconf 84' lang='lat' dir='ltr'>Magnisque</span> <span class='ocrx_word' id='word_1_387' title='bbox 1466 3096 1474 3121; x_wconf 79' lang='lat'>2</span> <span class='ocrx_word' id='word_1_388' title='bbox 1522 3092 1632 3130; x_wconf 91' lang='lat' dir='ltr'>-que</span> <span class='ocrx_word' id='word_1_389' title='bbox 1675 3080 1768 3119; x_wconf 80' lang='lat' dir='ltr'>and</span> <span class='ocrx_word' id='word_1_390' title='bbox 1806 3087 1934 3119; x_wconf 69' lang='lat' dir='ltr'>conso</span> 
     </span>
     <span class='ocr_line' id='line_1_55' title="bbox 1044 3134 1674 3191; baseline -0.008 -13"><span class='ocrx_word' id='word_1_391' title='bbox 1044 3139 1237 3191; x_wconf 55' lang='lat' dir='ltr'>qaentlffi</span> <span class='ocrx_word' id='word_1_392' title='bbox 1253 3151 1290 3177; x_wconf 86' lang='lat' dir='ltr'>.c.</span> <span class='ocrx_word' id='word_1_393' title='bbox 1313 3139 1360 3184; x_wconf 87' lang='lat' dir='ltr'>i.,</span> <span class='ocrx_word' id='word_1_394' title='bbox 1383 3139 1450 3174; x_wconf 88' lang='lat'>11.</span> <span class='ocrx_word' id='word_1_395' title='bbox 1509 3135 1560 3174; x_wconf 81' lang='lat' dir='ltr'>G.</span> <span class='ocrx_word' id='word_1_396' title='bbox 1583 3134 1674 3174; x_wconf 81' lang='lat'><strong>478.</strong></span> 
     </span>
    </p>
   </div>
  </div>
 </body>
</html>
